;; -*- mode: org; mode: beancount; -*-
;; Birth: 1980-05-12
;; Dates: 2019-01-01 - 2020-12-31
;; THIS FILE HAS BEEN AUTO-GENERATED.
* Options

option "title" "Example Beancount file"
option "operating_currency" "USD"




* Commodities


1792-01-01 commodity USD
  export: "CASH"
  name: "US Dollar"

1900-01-01 commodity VMMXX
  export: "MUTF:VMMXX (MONEY:USD)"

1980-05-12 commodity VACHR
  export: "IGNORE"
  name: "Employer Vacation Hours"

1980-05-12 commodity IRAUSD
  export: "IGNORE"
  name: "US 401k and IRA Contributions"

1995-09-18 commodity VBMPX
  export: "MUTF:VBMPX"
  name: "Vanguard Total Bond Market Index Fund Institutional Plus Shares"
  price: "USD:google/MUTF:VBMPX"

2004-01-20 commodity ITOT
  export: "NYSEARCA:ITOT"
  name: "iShares Core S&P Total U.S. Stock Market ETF"
  price: "USD:google/NYSEARCA:ITOT"

2004-01-26 commodity VHT
  export: "NYSEARCA:VHT"
  name: "Vanguard Health Care ETF"
  price: "USD:google/NYSEARCA:VHT"

2004-11-01 commodity GLD
  export: "NYSEARCA:GLD"
  name: "SPDR Gold Trust (ETF)"
  price: "USD:google/NYSEARCA:GLD"

2007-07-20 commodity VEA
  export: "NYSEARCA:VEA"
  name: "Vanguard FTSE Developed Markets ETF"
  price: "USD:google/NYSEARCA:VEA"

2009-05-01 commodity RGAGX
  export: "MUTF:RGAGX"
  name: "American Funds The Growth Fund of America Class R-6"
  price: "USD:google/MUTF:RGAGX"



* Equity Accounts

1980-05-12 open Equity:Opening-Balances
1980-05-12 open Liabilities:AccountsPayable



* Banking

2019-01-01 open Assets:US:BofA
  address: "123 America Street, LargeTown, USA"
  institution: "Bank of America"
  phone: "+1.012.345.6789"
2019-01-01 open Assets:US:BofA:Checking                        USD
  account: "00234-48574897"

2019-01-01 * "Opening Balance for checking account"
  Assets:US:BofA:Checking                         3390.84 USD
  Equity:Opening-Balances                        -3390.84 USD

2019-01-02 balance Assets:US:BofA:Checking        3390.84 USD

2019-01-04 * "BANK FEES" "Monthly bank fee"
  Assets:US:BofA:Checking                           -4.00 USD
  Expenses:Financial:Fees                            4.00 USD

2019-01-06 * "RiverBank Properties" "Paying the rent"
  Assets:US:BofA:Checking                        -2400.00 USD
  Expenses:Home:Rent                              2400.00 USD

2019-01-08 * "EDISON POWER" ""
  Assets:US:BofA:Checking                          -65.00 USD
  Expenses:Home:Electricity                         65.00 USD

2019-01-20 * "Verizon Wireless" ""
  Assets:US:BofA:Checking                          -50.39 USD
  Expenses:Home:Phone                               50.39 USD

2019-01-22 * "Wine-Tarner Cable" ""
  Assets:US:BofA:Checking                          -80.18 USD
  Expenses:Home:Internet                            80.18 USD

2019-01-26 balance Assets:US:BofA:Checking        3411.54 USD

2019-02-04 * "BANK FEES" "Monthly bank fee"
  Assets:US:BofA:Checking                           -4.00 USD
  Expenses:Financial:Fees                            4.00 USD

2019-02-05 * "RiverBank Properties" "Paying the rent"
  Assets:US:BofA:Checking                        -2400.00 USD
  Expenses:Home:Rent                              2400.00 USD

2019-02-08 * "EDISON POWER" ""
  Assets:US:BofA:Checking                          -65.00 USD
  Expenses:Home:Electricity                         65.00 USD

2019-02-15 balance Assets:US:BofA:Checking        2897.16 USD

2019-02-19 * "Verizon Wireless" ""
  Assets:US:BofA:Checking                          -34.98 USD
  Expenses:Home:Phone                               34.98 USD

2019-02-21 * "Wine-Tarner Cable" ""
  Assets:US:BofA:Checking                          -80.10 USD
  Expenses:Home:Internet                            80.10 USD

2019-03-04 * "BANK FEES" "Monthly bank fee"
  Assets:US:BofA:Checking                           -4.00 USD
  Expenses:Financial:Fees                            4.00 USD

2019-03-05 * "RiverBank Properties" "Paying the rent"
  Assets:US:BofA:Checking                        -2400.00 USD
  Expenses:Home:Rent                              2400.00 USD

2019-03-07 balance Assets:US:BofA:Checking        1728.68 USD

2019-03-09 * "EDISON POWER" ""
  Assets:US:BofA:Checking                          -65.00 USD
  Expenses:Home:Electricity                         65.00 USD

2019-03-19 * "Verizon Wireless" ""
  Assets:US:BofA:Checking                          -53.11 USD
  Expenses:Home:Phone                               53.11 USD

2019-03-23 * "Wine-Tarner Cable" ""
  Assets:US:BofA:Checking                          -79.72 USD
  Expenses:Home:Internet                            79.72 USD

2019-03-28 balance Assets:US:BofA:Checking        2304.74 USD

2019-04-03 * "RiverBank Properties" "Paying the rent"
  Assets:US:BofA:Checking                        -2400.00 USD
  Expenses:Home:Rent                              2400.00 USD

2019-04-04 * "BANK FEES" "Monthly bank fee"
  Assets:US:BofA:Checking                           -4.00 USD
  Expenses:Financial:Fees                            4.00 USD

2019-04-08 * "EDISON POWER" ""
  Assets:US:BofA:Checking                          -65.00 USD
  Expenses:Home:Electricity                         65.00 USD

2019-04-19 * "Verizon Wireless" ""
  Assets:US:BofA:Checking                          -60.01 USD
  Expenses:Home:Phone                               60.01 USD

2019-04-21 * "Wine-Tarner Cable" ""
  Assets:US:BofA:Checking                          -79.90 USD
  Expenses:Home:Internet                            79.90 USD

2019-04-26 balance Assets:US:BofA:Checking        3237.35 USD

2019-05-04 * "BANK FEES" "Monthly bank fee"
  Assets:US:BofA:Checking                           -4.00 USD
  Expenses:Financial:Fees                            4.00 USD

2019-05-04 * "RiverBank Properties" "Paying the rent"
  Assets:US:BofA:Checking                        -2400.00 USD
  Expenses:Home:Rent                              2400.00 USD

2019-05-08 * "EDISON POWER" ""
  Assets:US:BofA:Checking                          -65.00 USD
  Expenses:Home:Electricity                         65.00 USD

2019-05-19 * "Verizon Wireless" ""
  Assets:US:BofA:Checking                          -57.95 USD
  Expenses:Home:Phone                               57.95 USD

2019-05-20 balance Assets:US:BofA:Checking        1292.65 USD

2019-05-21 * "Wine-Tarner Cable" ""
  Assets:US:BofA:Checking                          -80.01 USD
  Expenses:Home:Internet                            80.01 USD

2019-06-04 * "BANK FEES" "Monthly bank fee"
  Assets:US:BofA:Checking                           -4.00 USD
  Expenses:Financial:Fees                            4.00 USD

2019-06-06 * "RiverBank Properties" "Paying the rent"
  Assets:US:BofA:Checking                        -2400.00 USD
  Expenses:Home:Rent                              2400.00 USD

2019-06-08 * "EDISON POWER" ""
  Assets:US:BofA:Checking                          -65.00 USD
  Expenses:Home:Electricity                         65.00 USD

2019-06-11 balance Assets:US:BofA:Checking         873.70 USD

2019-06-18 * "Verizon Wireless" ""
  Assets:US:BofA:Checking                          -79.27 USD
  Expenses:Home:Phone                               79.27 USD

2019-06-23 * "Wine-Tarner Cable" ""
  Assets:US:BofA:Checking                          -79.86 USD
  Expenses:Home:Internet                            79.86 USD

2019-07-04 * "BANK FEES" "Monthly bank fee"
  Assets:US:BofA:Checking                           -4.00 USD
  Expenses:Financial:Fees                            4.00 USD

2019-07-04 * "RiverBank Properties" "Paying the rent"
  Assets:US:BofA:Checking                        -2400.00 USD
  Expenses:Home:Rent                              2400.00 USD

2019-07-07 balance Assets:US:BofA:Checking        1011.77 USD

2019-07-08 * "EDISON POWER" ""
  Assets:US:BofA:Checking                          -65.00 USD
  Expenses:Home:Electricity                         65.00 USD

2019-07-18 * "Verizon Wireless" ""
  Assets:US:BofA:Checking                          -74.56 USD
  Expenses:Home:Phone                               74.56 USD

2019-07-22 * "Wine-Tarner Cable" ""
  Assets:US:BofA:Checking                          -79.97 USD
  Expenses:Home:Internet                            79.97 USD

2019-07-27 balance Assets:US:BofA:Checking        1507.48 USD

2019-08-04 * "BANK FEES" "Monthly bank fee"
  Assets:US:BofA:Checking                           -4.00 USD
  Expenses:Financial:Fees                            4.00 USD

2019-08-05 * "RiverBank Properties" "Paying the rent"
  Assets:US:BofA:Checking                        -2400.00 USD
  Expenses:Home:Rent                              2400.00 USD

2019-08-08 * "EDISON POWER" ""
  Assets:US:BofA:Checking                          -65.00 USD
  Expenses:Home:Electricity                         65.00 USD

2019-08-19 * "Verizon Wireless" ""
  Assets:US:BofA:Checking                          -59.68 USD
  Expenses:Home:Phone                               59.68 USD

2019-08-23 * "Wine-Tarner Cable" ""
  Assets:US:BofA:Checking                          -79.89 USD
  Expenses:Home:Internet                            79.89 USD

2019-08-26 balance Assets:US:BofA:Checking        3095.15 USD

2019-09-04 * "BANK FEES" "Monthly bank fee"
  Assets:US:BofA:Checking                           -4.00 USD
  Expenses:Financial:Fees                            4.00 USD

2019-09-06 * "RiverBank Properties" "Paying the rent"
  Assets:US:BofA:Checking                        -2400.00 USD
  Expenses:Home:Rent                              2400.00 USD

2019-09-09 * "EDISON POWER" ""
  Assets:US:BofA:Checking                          -65.00 USD
  Expenses:Home:Electricity                         65.00 USD

2019-09-13 * "Transfering accumulated savings to other account"
  Assets:US:BofA:Checking                           -4000 USD
  Assets:US:ETrade:Cash                              4000 USD

2019-09-19 balance Assets:US:BofA:Checking         875.22 USD

2019-09-19 * "Verizon Wireless" ""
  Assets:US:BofA:Checking                          -67.85 USD
  Expenses:Home:Phone                               67.85 USD

2019-09-22 * "Wine-Tarner Cable" ""
  Assets:US:BofA:Checking                          -79.85 USD
  Expenses:Home:Internet                            79.85 USD

2019-10-03 * "RiverBank Properties" "Paying the rent"
  Assets:US:BofA:Checking                        -2400.00 USD
  Expenses:Home:Rent                              2400.00 USD

2019-10-04 * "BANK FEES" "Monthly bank fee"
  Assets:US:BofA:Checking                           -4.00 USD
  Expenses:Financial:Fees                            4.00 USD

2019-10-09 * "EDISON POWER" ""
  Assets:US:BofA:Checking                          -65.00 USD
  Expenses:Home:Electricity                         65.00 USD

2019-10-12 balance Assets:US:BofA:Checking        2906.14 USD

2019-10-19 * "Verizon Wireless" ""
  Assets:US:BofA:Checking                          -51.32 USD
  Expenses:Home:Phone                               51.32 USD

2019-10-21 * "Wine-Tarner Cable" ""
  Assets:US:BofA:Checking                          -80.09 USD
  Expenses:Home:Internet                            80.09 USD

2019-11-03 * "RiverBank Properties" "Paying the rent"
  Assets:US:BofA:Checking                        -2400.00 USD
  Expenses:Home:Rent                              2400.00 USD

2019-11-04 * "BANK FEES" "Monthly bank fee"
  Assets:US:BofA:Checking                           -4.00 USD
  Expenses:Financial:Fees                            4.00 USD

2019-11-06 balance Assets:US:BofA:Checking        2921.33 USD

2019-11-08 * "Transfering accumulated savings to other account"
  Assets:US:BofA:Checking                           -4500 USD
  Assets:US:ETrade:Cash                              4500 USD

2019-11-09 * "EDISON POWER" ""
  Assets:US:BofA:Checking                          -65.00 USD
  Expenses:Home:Electricity                         65.00 USD

2019-11-19 * "Verizon Wireless" ""
  Assets:US:BofA:Checking                          -56.46 USD
  Expenses:Home:Phone                               56.46 USD

2019-11-21 * "Wine-Tarner Cable" ""
  Assets:US:BofA:Checking                          -80.07 USD
  Expenses:Home:Internet                            80.07 USD

2019-12-02 balance Assets:US:BofA:Checking        2773.62 USD

2019-12-04 * "BANK FEES" "Monthly bank fee"
  Assets:US:BofA:Checking                           -4.00 USD
  Expenses:Financial:Fees                            4.00 USD

2019-12-06 * "RiverBank Properties" "Paying the rent"
  Assets:US:BofA:Checking                        -2400.00 USD
  Expenses:Home:Rent                              2400.00 USD

2019-12-08 * "EDISON POWER" ""
  Assets:US:BofA:Checking                          -65.00 USD
  Expenses:Home:Electricity                         65.00 USD

2019-12-20 * "Verizon Wireless" ""
  Assets:US:BofA:Checking                          -71.27 USD
  Expenses:Home:Phone                               71.27 USD

2019-12-21 * "Wine-Tarner Cable" ""
  Assets:US:BofA:Checking                          -79.89 USD
  Expenses:Home:Internet                            79.89 USD

2019-12-26 balance Assets:US:BofA:Checking        5280.30 USD

2020-01-03 * "RiverBank Properties" "Paying the rent"
  Assets:US:BofA:Checking                        -2400.00 USD
  Expenses:Home:Rent                              2400.00 USD

2020-01-04 * "BANK FEES" "Monthly bank fee"
  Assets:US:BofA:Checking                           -4.00 USD
  Expenses:Financial:Fees                            4.00 USD

2020-01-08 * "EDISON POWER" ""
  Assets:US:BofA:Checking                          -65.00 USD
  Expenses:Home:Electricity                         65.00 USD

2020-01-18 * "Verizon Wireless" ""
  Assets:US:BofA:Checking                          -72.79 USD
  Expenses:Home:Phone                               72.79 USD

2020-01-23 * "Wine-Tarner Cable" ""
  Assets:US:BofA:Checking                          -80.05 USD
  Expenses:Home:Internet                            80.05 USD

2020-01-25 balance Assets:US:BofA:Checking        4968.42 USD

2020-02-04 * "BANK FEES" "Monthly bank fee"
  Assets:US:BofA:Checking                           -4.00 USD
  Expenses:Financial:Fees                            4.00 USD

2020-02-06 * "RiverBank Properties" "Paying the rent"
  Assets:US:BofA:Checking                        -2400.00 USD
  Expenses:Home:Rent                              2400.00 USD

2020-02-09 * "EDISON POWER" ""
  Assets:US:BofA:Checking                          -65.00 USD
  Expenses:Home:Electricity                         65.00 USD

2020-02-18 balance Assets:US:BofA:Checking        4607.25 USD

2020-02-20 * "Verizon Wireless" ""
  Assets:US:BofA:Checking                          -61.82 USD
  Expenses:Home:Phone                               61.82 USD

2020-02-23 * "Wine-Tarner Cable" ""
  Assets:US:BofA:Checking                          -79.84 USD
  Expenses:Home:Internet                            79.84 USD

2020-03-03 * "RiverBank Properties" "Paying the rent"
  Assets:US:BofA:Checking                        -2400.00 USD
  Expenses:Home:Rent                              2400.00 USD

2020-03-04 * "BANK FEES" "Monthly bank fee"
  Assets:US:BofA:Checking                           -4.00 USD
  Expenses:Financial:Fees                            4.00 USD

2020-03-09 * "EDISON POWER" ""
  Assets:US:BofA:Checking                          -65.00 USD
  Expenses:Home:Electricity                         65.00 USD

2020-03-15 balance Assets:US:BofA:Checking        4004.85 USD

2020-03-20 * "Verizon Wireless" ""
  Assets:US:BofA:Checking                          -66.70 USD
  Expenses:Home:Phone                               66.70 USD

2020-03-21 * "Wine-Tarner Cable" ""
  Assets:US:BofA:Checking                          -80.04 USD
  Expenses:Home:Internet                            80.04 USD

2020-04-04 * "BANK FEES" "Monthly bank fee"
  Assets:US:BofA:Checking                           -4.00 USD
  Expenses:Financial:Fees                            4.00 USD

2020-04-06 * "RiverBank Properties" "Paying the rent"
  Assets:US:BofA:Checking                        -2400.00 USD
  Expenses:Home:Rent                              2400.00 USD

2020-04-08 * "EDISON POWER" ""
  Assets:US:BofA:Checking                          -65.00 USD
  Expenses:Home:Electricity                         65.00 USD

2020-04-14 balance Assets:US:BofA:Checking        2733.64 USD

2020-04-18 * "Verizon Wireless" ""
  Assets:US:BofA:Checking                          -63.11 USD
  Expenses:Home:Phone                               63.11 USD

2020-04-21 * "Wine-Tarner Cable" ""
  Assets:US:BofA:Checking                          -79.87 USD
  Expenses:Home:Internet                            79.87 USD

2020-05-04 * "BANK FEES" "Monthly bank fee"
  Assets:US:BofA:Checking                           -4.00 USD
  Expenses:Financial:Fees                            4.00 USD

2020-05-04 * "RiverBank Properties" "Paying the rent"
  Assets:US:BofA:Checking                        -2400.00 USD
  Expenses:Home:Rent                              2400.00 USD

2020-05-08 balance Assets:US:BofA:Checking        2887.86 USD

2020-05-08 * "EDISON POWER" ""
  Assets:US:BofA:Checking                          -65.00 USD
  Expenses:Home:Electricity                         65.00 USD

2020-05-20 * "Verizon Wireless" ""
  Assets:US:BofA:Checking                          -59.84 USD
  Expenses:Home:Phone                               59.84 USD

2020-05-21 * "Wine-Tarner Cable" ""
  Assets:US:BofA:Checking                          -79.90 USD
  Expenses:Home:Internet                            79.90 USD

2020-06-03 balance Assets:US:BofA:Checking        3271.86 USD

2020-06-04 * "BANK FEES" "Monthly bank fee"
  Assets:US:BofA:Checking                           -4.00 USD
  Expenses:Financial:Fees                            4.00 USD

2020-06-05 * "RiverBank Properties" "Paying the rent"
  Assets:US:BofA:Checking                        -2400.00 USD
  Expenses:Home:Rent                              2400.00 USD

2020-06-09 * "EDISON POWER" ""
  Assets:US:BofA:Checking                          -65.00 USD
  Expenses:Home:Electricity                         65.00 USD

2020-06-18 * "Verizon Wireless" ""
  Assets:US:BofA:Checking                          -53.69 USD
  Expenses:Home:Phone                               53.69 USD

2020-06-22 * "Wine-Tarner Cable" ""
  Assets:US:BofA:Checking                          -79.97 USD
  Expenses:Home:Internet                            79.97 USD

2020-06-24 balance Assets:US:BofA:Checking        2953.65 USD

2020-07-04 * "BANK FEES" "Monthly bank fee"
  Assets:US:BofA:Checking                           -4.00 USD
  Expenses:Financial:Fees                            4.00 USD

2020-07-04 * "RiverBank Properties" "Paying the rent"
  Assets:US:BofA:Checking                        -2400.00 USD
  Expenses:Home:Rent                              2400.00 USD

2020-07-09 * "EDISON POWER" ""
  Assets:US:BofA:Checking                          -65.00 USD
  Expenses:Home:Electricity                         65.00 USD

2020-07-18 * "Verizon Wireless" ""
  Assets:US:BofA:Checking                          -57.48 USD
  Expenses:Home:Phone                               57.48 USD

2020-07-20 balance Assets:US:BofA:Checking        2494.82 USD

2020-07-22 * "Wine-Tarner Cable" ""
  Assets:US:BofA:Checking                          -80.10 USD
  Expenses:Home:Internet                            80.10 USD

2020-08-04 * "BANK FEES" "Monthly bank fee"
  Assets:US:BofA:Checking                           -4.00 USD
  Expenses:Financial:Fees                            4.00 USD

2020-08-04 * "RiverBank Properties" "Paying the rent"
  Assets:US:BofA:Checking                        -2400.00 USD
  Expenses:Home:Rent                              2400.00 USD

2020-08-09 balance Assets:US:BofA:Checking        1557.29 USD

2020-08-09 * "EDISON POWER" ""
  Assets:US:BofA:Checking                          -65.00 USD
  Expenses:Home:Electricity                         65.00 USD

2020-08-14 * "Transfering accumulated savings to other account"
  Assets:US:BofA:Checking                           -3000 USD
  Assets:US:ETrade:Cash                              3000 USD

2020-08-19 * "Verizon Wireless" ""
  Assets:US:BofA:Checking                          -74.81 USD
  Expenses:Home:Phone                               74.81 USD

2020-08-21 * "Wine-Tarner Cable" ""
  Assets:US:BofA:Checking                          -80.11 USD
  Expenses:Home:Internet                            80.11 USD

2020-09-04 * "BANK FEES" "Monthly bank fee"
  Assets:US:BofA:Checking                           -4.00 USD
  Expenses:Financial:Fees                            4.00 USD

2020-09-04 * "RiverBank Properties" "Paying the rent"
  Assets:US:BofA:Checking                        -2400.00 USD
  Expenses:Home:Rent                              2400.00 USD

2020-09-05 balance Assets:US:BofA:Checking        1034.57 USD

2020-09-08 * "EDISON POWER" ""
  Assets:US:BofA:Checking                          -65.00 USD
  Expenses:Home:Electricity                         65.00 USD

2020-09-20 * "Verizon Wireless" ""
  Assets:US:BofA:Checking                          -68.81 USD
  Expenses:Home:Phone                               68.81 USD

2020-09-23 * "Wine-Tarner Cable" ""
  Assets:US:BofA:Checking                          -80.07 USD
  Expenses:Home:Internet                            80.07 USD

2020-10-04 balance Assets:US:BofA:Checking        5161.32 USD

2020-10-04 * "BANK FEES" "Monthly bank fee"
  Assets:US:BofA:Checking                           -4.00 USD
  Expenses:Financial:Fees                            4.00 USD

2020-10-04 * "RiverBank Properties" "Paying the rent"
  Assets:US:BofA:Checking                        -2400.00 USD
  Expenses:Home:Rent                              2400.00 USD

2020-10-08 * "EDISON POWER" ""
  Assets:US:BofA:Checking                          -65.00 USD
  Expenses:Home:Electricity                         65.00 USD

2020-10-09 * "Transfering accumulated savings to other account"
  Assets:US:BofA:Checking                           -4000 USD
  Assets:US:ETrade:Cash                              4000 USD

2020-10-19 * "Verizon Wireless" ""
  Assets:US:BofA:Checking                          -53.82 USD
  Expenses:Home:Phone                               53.82 USD

2020-10-22 * "Wine-Tarner Cable" ""
  Assets:US:BofA:Checking                          -80.12 USD
  Expenses:Home:Internet                            80.12 USD

2020-11-03 balance Assets:US:BofA:Checking        3037.65 USD

2020-11-04 * "BANK FEES" "Monthly bank fee"
  Assets:US:BofA:Checking                           -4.00 USD
  Expenses:Financial:Fees                            4.00 USD

2020-11-04 * "RiverBank Properties" "Paying the rent"
  Assets:US:BofA:Checking                        -2400.00 USD
  Expenses:Home:Rent                              2400.00 USD

2020-11-09 * "EDISON POWER" ""
  Assets:US:BofA:Checking                          -65.00 USD
  Expenses:Home:Electricity                         65.00 USD

2020-11-20 * "Verizon Wireless" ""
  Assets:US:BofA:Checking                          -60.19 USD
  Expenses:Home:Phone                               60.19 USD

2020-11-20 * "Transfering accumulated savings to other account"
  Assets:US:BofA:Checking                           -4500 USD
  Assets:US:ETrade:Cash                              4500 USD

2020-11-23 * "Wine-Tarner Cable" ""
  Assets:US:BofA:Checking                          -79.90 USD
  Expenses:Home:Internet                            79.90 USD

2020-12-02 balance Assets:US:BofA:Checking         359.96 USD

2020-12-04 * "BANK FEES" "Monthly bank fee"
  Assets:US:BofA:Checking                           -4.00 USD
  Expenses:Financial:Fees                            4.00 USD

2020-12-18 * "Transfering accumulated savings to other account"
  Assets:US:BofA:Checking                           -5500 USD
  Assets:US:ETrade:Cash                              5500 USD

2020-12-26 balance Assets:US:BofA:Checking         277.16 USD



* Credit-Cards

1980-05-12 open Liabilities:US:Chase:Slate                      USD

2019-01-02 * "Jewel of Morroco" "Eating out with Julie"
  Liabilities:US:Chase:Slate                       -23.57 USD
  Expenses:Food:Restaurant                          23.57 USD

2019-01-07 * "Cafe Modagor" "Eating out after work"
  Liabilities:US:Chase:Slate                       -28.94 USD
  Expenses:Food:Restaurant                          28.94 USD

2019-01-10 * "Chase:Slate" "Paying off credit card"
  Liabilities:US:Chase:Slate                        80.93 USD
  Assets:US:BofA:Checking                          -80.93 USD

2019-01-11 * "Rose Flower" "Eating out with Natasha"
  Liabilities:US:Chase:Slate                       -28.42 USD
  Expenses:Food:Restaurant                          28.42 USD

2019-01-16 * "Rose Flower" "Eating out after work"
  Liabilities:US:Chase:Slate                       -32.30 USD
  Expenses:Food:Restaurant                          32.30 USD

2019-01-20 * "Kin Soy" "Eating out with work buddies"
  Liabilities:US:Chase:Slate                       -48.54 USD
  Expenses:Food:Restaurant                          48.54 USD

2019-01-20 * "Good Moods Market" "Buying groceries"
  Liabilities:US:Chase:Slate                       -56.42 USD
  Expenses:Food:Groceries                           56.42 USD

2019-01-21 balance Liabilities:US:Chase:Slate     -137.26 USD

2019-01-22 * "Cafe Modagor" "Eating out alone"
  Liabilities:US:Chase:Slate                       -34.16 USD
  Expenses:Food:Restaurant                          34.16 USD

2019-01-25 * "Cafe Modagor" "Eating out with Julie"
  Liabilities:US:Chase:Slate                       -43.27 USD
  Expenses:Food:Restaurant                          43.27 USD

2019-01-26 * "Farmer Fresh" "Buying groceries"
  Liabilities:US:Chase:Slate                       -72.87 USD
  Expenses:Food:Groceries                           72.87 USD

2019-01-29 * "Metro Transport Authority" "Tram tickets"
  Liabilities:US:Chase:Slate                      -120.00 USD
  Expenses:Transport:Tram                          120.00 USD

2019-01-30 * "Rose Flower" "Eating out "
  Liabilities:US:Chase:Slate                       -19.60 USD
  Expenses:Food:Restaurant                          19.60 USD

2019-01-31 * "Corner Deli" "Buying groceries"
  Liabilities:US:Chase:Slate                       -76.93 USD
  Expenses:Food:Groceries                           76.93 USD

2019-02-04 * "Jewel of Morroco" "Eating out with Julie"
  Liabilities:US:Chase:Slate                       -38.42 USD
  Expenses:Food:Restaurant                          38.42 USD

2019-02-05 * "China Garden" "Eating out with Joe"
  Liabilities:US:Chase:Slate                       -35.97 USD
  Expenses:Food:Restaurant                          35.97 USD

2019-02-06 * "Cafe Modagor" "Eating out with Joe"
  Liabilities:US:Chase:Slate                       -47.23 USD
  Expenses:Food:Restaurant                          47.23 USD

2019-02-06 * "Farmer Fresh" "Buying groceries"
  Liabilities:US:Chase:Slate                       -90.46 USD
  Expenses:Food:Groceries                           90.46 USD

2019-02-09 * "Chase:Slate" "Paying off credit card"
  Liabilities:US:Chase:Slate                       746.58 USD
  Assets:US:BofA:Checking                         -746.58 USD

2019-02-11 * "Kin Soy" "Eating out with Natasha"
  Liabilities:US:Chase:Slate                       -30.41 USD
  Expenses:Food:Restaurant                          30.41 USD

2019-02-13 balance Liabilities:US:Chase:Slate           0 USD

2019-02-13 * "Cafe Modagor" "Eating out with Natasha"
  Liabilities:US:Chase:Slate                       -25.48 USD
  Expenses:Food:Restaurant                          25.48 USD

2019-02-18 * "Goba Goba" "Eating out with Joe"
  Liabilities:US:Chase:Slate                       -23.35 USD
  Expenses:Food:Restaurant                          23.35 USD

2019-02-21 * "Good Moods Market" "Buying groceries"
  Liabilities:US:Chase:Slate                       -94.93 USD
  Expenses:Food:Groceries                           94.93 USD

2019-02-22 * "Jewel of Morroco" "Eating out with work buddies"
  Liabilities:US:Chase:Slate                       -39.03 USD
  Expenses:Food:Restaurant                          39.03 USD

2019-02-27 * "Uncle Boons" "Eating out with Bill"
  Liabilities:US:Chase:Slate                       -46.17 USD
  Expenses:Food:Restaurant                          46.17 USD

2019-03-01 * "China Garden" "Eating out with Bill"
  Liabilities:US:Chase:Slate                       -31.68 USD
  Expenses:Food:Restaurant                          31.68 USD

2019-03-02 * "Cafe Modagor" "Eating out with Bill"
  Liabilities:US:Chase:Slate                       -36.97 USD
  Expenses:Food:Restaurant                          36.97 USD

2019-03-02 * "Metro Transport Authority" "Tram tickets"
  Liabilities:US:Chase:Slate                      -120.00 USD
  Expenses:Transport:Tram                          120.00 USD

2019-03-03 * "Onion Market" "Buying groceries"
  Liabilities:US:Chase:Slate                       -92.73 USD
  Expenses:Food:Groceries                           92.73 USD

2019-03-07 * "Chichipotle" "Eating out with Joe"
  Liabilities:US:Chase:Slate                       -42.34 USD
  Expenses:Food:Restaurant                          42.34 USD

2019-03-09 * "Chase:Slate" "Paying off credit card"
  Liabilities:US:Chase:Slate                       576.71 USD
  Assets:US:BofA:Checking                         -576.71 USD

2019-03-10 balance Liabilities:US:Chase:Slate       24.03 USD

2019-03-12 * "Kin Soy" "Eating out with Natasha"
  Liabilities:US:Chase:Slate                       -24.03 USD
  Expenses:Food:Restaurant                          24.03 USD

2019-03-16 * "Goba Goba" "Eating out with Joe"
  Liabilities:US:Chase:Slate                       -23.54 USD
  Expenses:Food:Restaurant                          23.54 USD

2019-03-18 * "Goba Goba" "Eating out alone"
  Liabilities:US:Chase:Slate                       -32.53 USD
  Expenses:Food:Restaurant                          32.53 USD

2019-03-18 * "Good Moods Market" "Buying groceries"
  Liabilities:US:Chase:Slate                       -51.88 USD
  Expenses:Food:Groceries                           51.88 USD

2019-03-21 * "Chichipotle" "Eating out with Julie"
  Liabilities:US:Chase:Slate                       -36.48 USD
  Expenses:Food:Restaurant                          36.48 USD

2019-03-25 * "Cafe Modagor" "Eating out "
  Liabilities:US:Chase:Slate                       -16.64 USD
  Expenses:Food:Restaurant                          16.64 USD

2019-03-25 * "Onion Market" "Buying groceries"
  Liabilities:US:Chase:Slate                       -66.46 USD
  Expenses:Food:Groceries                           66.46 USD

2019-03-29 * "China Garden" "Eating out "
  Liabilities:US:Chase:Slate                       -27.44 USD
  Expenses:Food:Restaurant                          27.44 USD

2019-04-01 balance Liabilities:US:Chase:Slate     -254.97 USD

2019-04-03 * "Jewel of Morroco" "Eating out after work"
  Liabilities:US:Chase:Slate                       -14.01 USD
  Expenses:Food:Restaurant                          14.01 USD

2019-04-03 * "Metro Transport Authority" "Tram tickets"
  Liabilities:US:Chase:Slate                      -120.00 USD
  Expenses:Transport:Tram                          120.00 USD

2019-04-04 * "China Garden" "Eating out with Bill"
  Liabilities:US:Chase:Slate                       -28.28 USD
  Expenses:Food:Restaurant                          28.28 USD

2019-04-06 * "Good Moods Market" "Buying groceries"
  Liabilities:US:Chase:Slate                       -74.49 USD
  Expenses:Food:Groceries                           74.49 USD

2019-04-08 * "Rose Flower" "Eating out with Bill"
  Liabilities:US:Chase:Slate                       -18.53 USD
  Expenses:Food:Restaurant                          18.53 USD

2019-04-08 * "Chase:Slate" "Paying off credit card"
  Liabilities:US:Chase:Slate                       510.28 USD
  Assets:US:BofA:Checking                         -510.28 USD

2019-04-09 * "Kin Soy" "Eating out with Julie"
  Liabilities:US:Chase:Slate                       -46.49 USD
  Expenses:Food:Restaurant                          46.49 USD

2019-04-11 * "Kin Soy" "Eating out with work buddies"
  Liabilities:US:Chase:Slate                       -64.00 USD
  Expenses:Food:Restaurant                          64.00 USD

2019-04-15 * "Goba Goba" "Eating out after work"
  Liabilities:US:Chase:Slate                       -42.91 USD
  Expenses:Food:Restaurant                          42.91 USD

2019-04-16 * "Kin Soy" "Eating out with Joe"
  Liabilities:US:Chase:Slate                       -30.41 USD
  Expenses:Food:Restaurant                          30.41 USD

2019-04-17 * "Rose Flower" "Eating out with work buddies"
  Liabilities:US:Chase:Slate                       -31.26 USD
  Expenses:Food:Restaurant                          31.26 USD

2019-04-20 * "Kin Soy" "Eating out alone"
  Liabilities:US:Chase:Slate                       -71.38 USD
  Expenses:Food:Restaurant                          71.38 USD

2019-04-23 * "China Garden" "Eating out with Joe"
  Liabilities:US:Chase:Slate                       -20.02 USD
  Expenses:Food:Restaurant                          20.02 USD

2019-04-24 * "Onion Market" "Buying groceries"
  Liabilities:US:Chase:Slate                       -71.03 USD
  Expenses:Food:Groceries                           71.03 USD

2019-04-27 * "Uncle Boons" "Eating out with work buddies"
  Liabilities:US:Chase:Slate                       -24.33 USD
  Expenses:Food:Restaurant                          24.33 USD

2019-04-28 balance Liabilities:US:Chase:Slate     -401.83 USD

2019-04-30 * "Onion Market" "Buying groceries"
  Liabilities:US:Chase:Slate                      -122.42 USD
  Expenses:Food:Groceries                          122.42 USD

2019-05-01 * "Metro Transport Authority" "Tram tickets"
  Liabilities:US:Chase:Slate                      -120.00 USD
  Expenses:Transport:Tram                          120.00 USD

2019-05-02 * "Cafe Modagor" "Eating out alone"
  Liabilities:US:Chase:Slate                       -22.66 USD
  Expenses:Food:Restaurant                          22.66 USD

2019-05-03 * "Uncle Boons" "Eating out with work buddies"
  Liabilities:US:Chase:Slate                       -44.52 USD
  Expenses:Food:Restaurant                          44.52 USD

2019-05-05 * "Kin Soy" "Eating out "
  Liabilities:US:Chase:Slate                       -42.76 USD
  Expenses:Food:Restaurant                          42.76 USD

2019-05-08 * "Chase:Slate" "Paying off credit card"
  Liabilities:US:Chase:Slate                       768.35 USD
  Assets:US:BofA:Checking                         -768.35 USD

2019-05-10 * "Cafe Modagor" "Eating out with Bill"
  Liabilities:US:Chase:Slate                       -14.16 USD
  Expenses:Food:Restaurant                          14.16 USD

2019-05-15 * "Chichipotle" "Eating out with Julie"
  Liabilities:US:Chase:Slate                       -13.54 USD
  Expenses:Food:Restaurant                          13.54 USD

2019-05-18 balance Liabilities:US:Chase:Slate      -13.54 USD

2019-05-19 * "Onion Market" "Buying groceries"
  Liabilities:US:Chase:Slate                      -107.84 USD
  Expenses:Food:Groceries                          107.84 USD

2019-05-20 * "Cafe Modagor" "Eating out "
  Liabilities:US:Chase:Slate                       -26.57 USD
  Expenses:Food:Restaurant                          26.57 USD

2019-05-22 * "Kin Soy" "Eating out with Julie"
  Liabilities:US:Chase:Slate                       -56.99 USD
  Expenses:Food:Restaurant                          56.99 USD

2019-05-26 * "Uncle Boons" "Eating out with work buddies"
  Liabilities:US:Chase:Slate                       -27.35 USD
  Expenses:Food:Restaurant                          27.35 USD

2019-05-28 * "Rose Flower" "Eating out alone"
  Liabilities:US:Chase:Slate                       -21.87 USD
  Expenses:Food:Restaurant                          21.87 USD

2019-06-01 * "China Garden" "Eating out after work"
  Liabilities:US:Chase:Slate                       -14.79 USD
  Expenses:Food:Restaurant                          14.79 USD

2019-06-02 * "Rose Flower" "Eating out with Julie"
  Liabilities:US:Chase:Slate                       -49.43 USD
  Expenses:Food:Restaurant                          49.43 USD

2019-06-03 * "Metro Transport Authority" "Tram tickets"
  Liabilities:US:Chase:Slate                      -120.00 USD
  Expenses:Transport:Tram                          120.00 USD

2019-06-07 * "China Garden" "Eating out with Joe"
  Liabilities:US:Chase:Slate                       -25.84 USD
  Expenses:Food:Restaurant                          25.84 USD

2019-06-07 * "Onion Market" "Buying groceries"
  Liabilities:US:Chase:Slate                       -68.66 USD
  Expenses:Food:Groceries                           68.66 USD

2019-06-09 * "Chase:Slate" "Paying off credit card"
  Liabilities:US:Chase:Slate                       571.14 USD
  Assets:US:BofA:Checking                         -571.14 USD

2019-06-10 * "Cafe Modagor" "Eating out with work buddies"
  Liabilities:US:Chase:Slate                       -38.26 USD
  Expenses:Food:Restaurant                          38.26 USD

2019-06-13 * "Jewel of Morroco" "Eating out with Bill"
  Liabilities:US:Chase:Slate                       -15.51 USD
  Expenses:Food:Restaurant                          15.51 USD

2019-06-14 balance Liabilities:US:Chase:Slate      -15.51 USD

2019-06-14 * "Uncle Boons" "Eating out with work buddies"
  Liabilities:US:Chase:Slate                       -14.66 USD
  Expenses:Food:Restaurant                          14.66 USD

2019-06-15 * "Chichipotle" "Eating out after work"
  Liabilities:US:Chase:Slate                       -29.01 USD
  Expenses:Food:Restaurant                          29.01 USD

2019-06-16 * "Onion Market" "Buying groceries"
  Liabilities:US:Chase:Slate                       -75.71 USD
  Expenses:Food:Groceries                           75.71 USD

2019-06-17 * "Kin Soy" "Eating out with Julie"
  Liabilities:US:Chase:Slate                       -27.89 USD
  Expenses:Food:Restaurant                          27.89 USD

2019-06-20 * "China Garden" "Eating out with Natasha"
  Liabilities:US:Chase:Slate                       -18.86 USD
  Expenses:Food:Restaurant                          18.86 USD

2019-06-22 * "Jewel of Morroco" "Eating out with Joe"
  Liabilities:US:Chase:Slate                       -27.98 USD
  Expenses:Food:Restaurant                          27.98 USD

2019-06-25 * "Goba Goba" "Eating out with work buddies"
  Liabilities:US:Chase:Slate                       -13.29 USD
  Expenses:Food:Restaurant                          13.29 USD

2019-06-25 * "Farmer Fresh" "Buying groceries"
  Liabilities:US:Chase:Slate                       -49.93 USD
  Expenses:Food:Groceries                           49.93 USD

2019-06-27 * "Cafe Modagor" "Eating out alone"
  Liabilities:US:Chase:Slate                       -27.78 USD
  Expenses:Food:Restaurant                          27.78 USD

2019-07-01 * "China Garden" "Eating out with Bill"
  Liabilities:US:Chase:Slate                       -29.21 USD
  Expenses:Food:Restaurant                          29.21 USD

2019-07-01 * "Metro Transport Authority" "Tram tickets"
  Liabilities:US:Chase:Slate                      -120.00 USD
  Expenses:Transport:Tram                          120.00 USD

2019-07-03 * "Good Moods Market" "Buying groceries"
  Liabilities:US:Chase:Slate                      -111.71 USD
  Expenses:Food:Groceries                          111.71 USD

2019-07-04 * "Kin Soy" "Eating out alone"
  Liabilities:US:Chase:Slate                       -31.89 USD
  Expenses:Food:Restaurant                          31.89 USD

2019-07-07 * "Chase:Slate" "Paying off credit card"
  Liabilities:US:Chase:Slate                       635.36 USD
  Assets:US:BofA:Checking                         -635.36 USD

2019-07-09 event "location" "New York"

2019-07-10 * "Cafe Select" "" #trip-new-york-2019
  Liabilities:US:Chase:Slate                       -27.28 USD
  Expenses:Food:Restaurant                          27.28 USD

2019-07-11 * "Uncle Boons" "" #trip-new-york-2019
  Liabilities:US:Chase:Slate                       -52.70 USD
  Expenses:Food:Restaurant                          52.70 USD

2019-07-11 * "Gimme! Coffee" "" #trip-new-york-2019
  Liabilities:US:Chase:Slate                        -7.11 USD
  Expenses:Food:Coffee                               7.11 USD

2019-07-12 balance Liabilities:US:Chase:Slate      -45.16 USD

2019-07-12 * "Cafe Select" "" #trip-new-york-2019
  Liabilities:US:Chase:Slate                       -28.66 USD
  Expenses:Food:Restaurant                          28.66 USD

2019-07-12 * "Takahachi" "" #trip-new-york-2019
  Liabilities:US:Chase:Slate                       -52.15 USD
  Expenses:Food:Restaurant                          52.15 USD

2019-07-13 * "Uncle Boons" "" #trip-new-york-2019
  Liabilities:US:Chase:Slate                       -33.43 USD
  Expenses:Food:Restaurant                          33.43 USD

2019-07-13 * "Laut" "" #trip-new-york-2019
  Liabilities:US:Chase:Slate                       -30.96 USD
  Expenses:Food:Restaurant                          30.96 USD

2019-07-13 * "La Colombe" "" #trip-new-york-2019
  Liabilities:US:Chase:Slate                        -6.79 USD
  Expenses:Food:Coffee                               6.79 USD

2019-07-13 * "Gimme! Coffee" "" #trip-new-york-2019
  Liabilities:US:Chase:Slate                        -4.82 USD
  Expenses:Food:Coffee                               4.82 USD

2019-07-14 * "Takahachi" "" #trip-new-york-2019
  Liabilities:US:Chase:Slate                       -55.92 USD
  Expenses:Food:Restaurant                          55.92 USD

2019-07-14 * "La Colombe" "" #trip-new-york-2019
  Liabilities:US:Chase:Slate                        -6.55 USD
  Expenses:Food:Coffee                               6.55 USD

2019-07-15 * "Takahachi" "" #trip-new-york-2019
  Liabilities:US:Chase:Slate                       -48.66 USD
  Expenses:Food:Restaurant                          48.66 USD

2019-07-15 * "La Colombe" "" #trip-new-york-2019
  Liabilities:US:Chase:Slate                        -4.87 USD
  Expenses:Food:Coffee                               4.87 USD

2019-07-16 * "Takahachi" "" #trip-new-york-2019
  Liabilities:US:Chase:Slate                       -47.78 USD
  Expenses:Food:Restaurant                          47.78 USD

2019-07-17 * "Takahachi" "" #trip-new-york-2019
  Liabilities:US:Chase:Slate                       -44.21 USD
  Expenses:Food:Restaurant                          44.21 USD

2019-07-17 * "La Colombe" "" #trip-new-york-2019
  Liabilities:US:Chase:Slate                        -5.60 USD
  Expenses:Food:Coffee                               5.60 USD

2019-07-18 * "Takahachi" "" #trip-new-york-2019
  Liabilities:US:Chase:Slate                       -57.39 USD
  Expenses:Food:Restaurant                          57.39 USD

2019-07-20 * "Takahachi" "" #trip-new-york-2019
  Liabilities:US:Chase:Slate                       -47.46 USD
  Expenses:Food:Restaurant                          47.46 USD

2019-07-20 * "Laut" "" #trip-new-york-2019
  Liabilities:US:Chase:Slate                       -28.55 USD
  Expenses:Food:Restaurant                          28.55 USD

2019-07-22 * "Takahachi" "" #trip-new-york-2019
  Liabilities:US:Chase:Slate                       -47.94 USD
  Expenses:Food:Restaurant                          47.94 USD

2019-07-23 * "Cafe Select" "" #trip-new-york-2019
  Liabilities:US:Chase:Slate                       -30.94 USD
  Expenses:Food:Restaurant                          30.94 USD

2019-07-23 * "Takahachi" "" #trip-new-york-2019
  Liabilities:US:Chase:Slate                       -46.52 USD
  Expenses:Food:Restaurant                          46.52 USD

2019-07-23 * "La Colombe" "" #trip-new-york-2019
  Liabilities:US:Chase:Slate                        -5.52 USD
  Expenses:Food:Coffee                               5.52 USD

2019-07-23 * "Gimme! Coffee" "" #trip-new-york-2019
  Liabilities:US:Chase:Slate                        -7.09 USD
  Expenses:Food:Coffee                               7.09 USD

2019-07-25 * "Uncle Boons" "" #trip-new-york-2019
  Liabilities:US:Chase:Slate                       -35.22 USD
  Expenses:Food:Restaurant                          35.22 USD

2019-07-25 * "La Colombe" "" #trip-new-york-2019
  Liabilities:US:Chase:Slate                        -5.03 USD
  Expenses:Food:Coffee                               5.03 USD

2019-07-26 * "Goba Goba" "Eating out with work buddies"
  Liabilities:US:Chase:Slate                       -41.93 USD
  Expenses:Food:Restaurant                          41.93 USD

2019-07-26 * "Consume vacation days"
  Assets:US:Hooli:Vacation                           -136 VACHR
  Expenses:Vacation                                   136 VACHR

2019-07-26 event "location" "New Metropolis"

2019-07-30 * "Jewel of Morroco" "Eating out with Bill"
  Liabilities:US:Chase:Slate                       -37.28 USD
  Expenses:Food:Restaurant                          37.28 USD

2019-07-30 * "Onion Market" "Buying groceries"
  Liabilities:US:Chase:Slate                       -77.51 USD
  Expenses:Food:Groceries                           77.51 USD

2019-07-31 * "Metro Transport Authority" "Tram tickets"
  Liabilities:US:Chase:Slate                      -120.00 USD
  Expenses:Transport:Tram                          120.00 USD

2019-08-02 balance Liabilities:US:Chase:Slate    -1003.94 USD

2019-08-03 * "Uncle Boons" "Eating out after work"
  Liabilities:US:Chase:Slate                       -30.61 USD
  Expenses:Food:Restaurant                          30.61 USD

2019-08-04 * "China Garden" "Eating out with Joe"
  Liabilities:US:Chase:Slate                       -23.32 USD
  Expenses:Food:Restaurant                          23.32 USD

2019-08-07 * "Uncle Boons" "Eating out after work"
  Liabilities:US:Chase:Slate                       -14.12 USD
  Expenses:Food:Restaurant                          14.12 USD

2019-08-07 * "Farmer Fresh" "Buying groceries"
  Liabilities:US:Chase:Slate                       -82.62 USD
  Expenses:Food:Groceries                           82.62 USD

2019-08-08 * "Chase:Slate" "Paying off credit card"
  Liabilities:US:Chase:Slate                       404.96 USD
  Assets:US:BofA:Checking                         -404.96 USD

2019-08-10 * "Cafe Modagor" "Eating out with Bill"
  Liabilities:US:Chase:Slate                       -19.50 USD
  Expenses:Food:Restaurant                          19.50 USD

2019-08-12 * "Good Moods Market" "Buying groceries"
  Liabilities:US:Chase:Slate                       -64.44 USD
  Expenses:Food:Groceries                           64.44 USD

2019-08-14 * "China Garden" "Eating out with Joe"
  Liabilities:US:Chase:Slate                       -28.85 USD
  Expenses:Food:Restaurant                          28.85 USD

2019-08-15 * "Uncle Boons" "Eating out after work"
  Liabilities:US:Chase:Slate                       -33.21 USD
  Expenses:Food:Restaurant                          33.21 USD

2019-08-17 * "Cafe Modagor" "Eating out alone"
  Liabilities:US:Chase:Slate                       -43.13 USD
  Expenses:Food:Restaurant                          43.13 USD

2019-08-22 * "Uncle Boons" "Eating out alone"
  Liabilities:US:Chase:Slate                       -51.60 USD
  Expenses:Food:Restaurant                          51.60 USD

2019-08-22 * "Good Moods Market" "Buying groceries"
  Liabilities:US:Chase:Slate                       -59.06 USD
  Expenses:Food:Groceries                           59.06 USD

2019-08-26 balance Liabilities:US:Chase:Slate    -1049.44 USD

2019-08-26 * "China Garden" "Eating out after work"
  Liabilities:US:Chase:Slate                       -24.96 USD
  Expenses:Food:Restaurant                          24.96 USD

2019-08-27 * "Chichipotle" "Eating out with Joe"
  Liabilities:US:Chase:Slate                       -28.33 USD
  Expenses:Food:Restaurant                          28.33 USD

2019-08-28 * "China Garden" "Eating out alone"
  Liabilities:US:Chase:Slate                       -23.15 USD
  Expenses:Food:Restaurant                          23.15 USD

2019-08-31 * "Metro Transport Authority" "Tram tickets"
  Liabilities:US:Chase:Slate                      -120.00 USD
  Expenses:Transport:Tram                          120.00 USD

2019-09-01 * "Kin Soy" "Eating out with Bill"
  Liabilities:US:Chase:Slate                       -15.64 USD
  Expenses:Food:Restaurant                          15.64 USD

2019-09-02 * "Rose Flower" "Eating out with Julie"
  Liabilities:US:Chase:Slate                       -38.01 USD
  Expenses:Food:Restaurant                          38.01 USD

2019-09-06 * "Cafe Modagor" "Eating out alone"
  Liabilities:US:Chase:Slate                       -32.62 USD
  Expenses:Food:Restaurant                          32.62 USD

2019-09-06 * "Farmer Fresh" "Buying groceries"
  Liabilities:US:Chase:Slate                       -98.27 USD
  Expenses:Food:Groceries                           98.27 USD

2019-09-08 * "Goba Goba" "Eating out with work buddies"
  Liabilities:US:Chase:Slate                       -14.19 USD
  Expenses:Food:Restaurant                          14.19 USD

2019-09-10 * "Kin Soy" "Eating out with Natasha"
  Liabilities:US:Chase:Slate                       -59.46 USD
  Expenses:Food:Restaurant                          59.46 USD

2019-09-11 * "Chase:Slate" "Paying off credit card"
  Liabilities:US:Chase:Slate                       852.13 USD
  Assets:US:BofA:Checking                         -852.13 USD

2019-09-13 * "Farmer Fresh" "Buying groceries"
  Liabilities:US:Chase:Slate                      -117.21 USD
  Expenses:Food:Groceries                          117.21 USD

2019-09-15 * "Chichipotle" "Eating out with Bill"
  Liabilities:US:Chase:Slate                       -47.69 USD
  Expenses:Food:Restaurant                          47.69 USD

2019-09-17 balance Liabilities:US:Chase:Slate     -816.84 USD

2019-09-18 * "Cafe Modagor" "Eating out with Bill"
  Liabilities:US:Chase:Slate                       -43.84 USD
  Expenses:Food:Restaurant                          43.84 USD

2019-09-22 * "Cafe Modagor" "Eating out "
  Liabilities:US:Chase:Slate                       -46.74 USD
  Expenses:Food:Restaurant                          46.74 USD

2019-09-27 * "Cafe Modagor" "Eating out with work buddies"
  Liabilities:US:Chase:Slate                       -18.38 USD
  Expenses:Food:Restaurant                          18.38 USD

2019-09-29 * "Metro Transport Authority" "Tram tickets"
  Liabilities:US:Chase:Slate                      -120.00 USD
  Expenses:Transport:Tram                          120.00 USD

2019-10-01 * "Good Moods Market" "Buying groceries"
  Liabilities:US:Chase:Slate                       -60.97 USD
  Expenses:Food:Groceries                           60.97 USD

2019-10-02 * "Goba Goba" "Eating out "
  Liabilities:US:Chase:Slate                       -57.97 USD
  Expenses:Food:Restaurant                          57.97 USD

2019-10-07 * "Rose Flower" "Eating out with Bill"
  Liabilities:US:Chase:Slate                       -22.59 USD
  Expenses:Food:Restaurant                          22.59 USD

2019-10-08 * "Rose Flower" "Eating out with Natasha"
  Liabilities:US:Chase:Slate                       -35.40 USD
  Expenses:Food:Restaurant                          35.40 USD

2019-10-08 * "Chase:Slate" "Paying off credit card"
  Liabilities:US:Chase:Slate                       453.58 USD
  Assets:US:BofA:Checking                         -453.58 USD

2019-10-09 balance Liabilities:US:Chase:Slate     -769.15 USD

2019-10-12 * "Cafe Modagor" "Eating out with Natasha"
  Liabilities:US:Chase:Slate                       -18.44 USD
  Expenses:Food:Restaurant                          18.44 USD

2019-10-15 * "Chichipotle" "Eating out with Bill"
  Liabilities:US:Chase:Slate                       -33.03 USD
  Expenses:Food:Restaurant                          33.03 USD

2019-10-17 * "China Garden" "Eating out with Bill"
  Liabilities:US:Chase:Slate                       -53.31 USD
  Expenses:Food:Restaurant                          53.31 USD

2019-10-20 * "Farmer Fresh" "Buying groceries"
  Liabilities:US:Chase:Slate                       -72.83 USD
  Expenses:Food:Groceries                           72.83 USD

2019-10-21 * "Rose Flower" "Eating out with Julie"
  Liabilities:US:Chase:Slate                       -25.34 USD
  Expenses:Food:Restaurant                          25.34 USD

2019-10-26 * "Jewel of Morroco" "Eating out with Julie"
  Liabilities:US:Chase:Slate                       -33.75 USD
  Expenses:Food:Restaurant                          33.75 USD

2019-10-31 * "Kin Soy" "Eating out with work buddies"
  Liabilities:US:Chase:Slate                       -47.30 USD
  Expenses:Food:Restaurant                          47.30 USD

2019-10-31 * "Metro Transport Authority" "Tram tickets"
  Liabilities:US:Chase:Slate                      -120.00 USD
  Expenses:Transport:Tram                          120.00 USD

2019-11-02 balance Liabilities:US:Chase:Slate    -1173.15 USD

2019-11-04 * "China Garden" "Eating out with Natasha"
  Liabilities:US:Chase:Slate                       -44.17 USD
  Expenses:Food:Restaurant                          44.17 USD

2019-11-04 * "Farmer Fresh" "Buying groceries"
  Liabilities:US:Chase:Slate                       -77.66 USD
  Expenses:Food:Groceries                           77.66 USD

2019-11-07 * "Goba Goba" "Eating out with Julie"
  Liabilities:US:Chase:Slate                       -21.55 USD
  Expenses:Food:Restaurant                          21.55 USD

2019-11-07 * "Chase:Slate" "Paying off credit card"
  Liabilities:US:Chase:Slate                       547.38 USD
  Assets:US:BofA:Checking                         -547.38 USD

2019-11-09 * "Kin Soy" "Eating out with Natasha"
  Liabilities:US:Chase:Slate                       -24.51 USD
  Expenses:Food:Restaurant                          24.51 USD

2019-11-13 * "Rose Flower" "Eating out with Bill"
  Liabilities:US:Chase:Slate                       -22.74 USD
  Expenses:Food:Restaurant                          22.74 USD

2019-11-14 * "Kin Soy" "Eating out alone"
  Liabilities:US:Chase:Slate                       -19.77 USD
  Expenses:Food:Restaurant                          19.77 USD

2019-11-19 * "Goba Goba" "Eating out with work buddies"
  Liabilities:US:Chase:Slate                       -27.67 USD
  Expenses:Food:Restaurant                          27.67 USD

2019-11-23 * "Good Moods Market" "Buying groceries"
  Liabilities:US:Chase:Slate                      -124.70 USD
  Expenses:Food:Groceries                          124.70 USD

2019-11-24 * "Jewel of Morroco" "Eating out "
  Liabilities:US:Chase:Slate                       -46.74 USD
  Expenses:Food:Restaurant                          46.74 USD

2019-11-27 event "location" "San Francisco"

2019-11-28 * "Starbucks" "" #trip-san-francisco-2019
  Liabilities:US:Chase:Slate                        -5.16 USD
  Expenses:Food:Coffee                               5.16 USD

2019-11-29 * "Mission Chinese Food" "" #trip-san-francisco-2019
  Liabilities:US:Chase:Slate                       -28.49 USD
  Expenses:Food:Restaurant                          28.49 USD

2019-11-30 * "Starbucks" "" #trip-san-francisco-2019
  Liabilities:US:Chase:Slate                        -5.47 USD
  Expenses:Food:Coffee                               5.47 USD

2019-12-01 * "Pizza Delfina" "" #trip-san-francisco-2019
  Liabilities:US:Chase:Slate                       -21.80 USD
  Expenses:Food:Restaurant                          21.80 USD

2019-12-02 balance Liabilities:US:Chase:Slate    -1096.20 USD

2019-12-02 * "Pizza Delfina" "" #trip-san-francisco-2019
  Liabilities:US:Chase:Slate                       -21.76 USD
  Expenses:Food:Restaurant                          21.76 USD

2019-12-03 * "Mission Chinese Food" "" #trip-san-francisco-2019
  Liabilities:US:Chase:Slate                       -25.67 USD
  Expenses:Food:Restaurant                          25.67 USD

2019-12-03 * "Starbucks" "" #trip-san-francisco-2019
  Liabilities:US:Chase:Slate                        -5.75 USD
  Expenses:Food:Coffee                               5.75 USD

2019-12-04 * "Waterbar" "" #trip-san-francisco-2019
  Liabilities:US:Chase:Slate                       -52.79 USD
  Expenses:Food:Restaurant                          52.79 USD

2019-12-05 * "Pizza Delfina" "" #trip-san-francisco-2019
  Liabilities:US:Chase:Slate                       -19.45 USD
  Expenses:Food:Restaurant                          19.45 USD

2019-12-05 * "Waterbar" "" #trip-san-francisco-2019
  Liabilities:US:Chase:Slate                       -50.77 USD
  Expenses:Food:Restaurant                          50.77 USD

2019-12-06 * "Bar Crudo" "" #trip-san-francisco-2019
  Liabilities:US:Chase:Slate                       -61.29 USD
  Expenses:Food:Restaurant                          61.29 USD

2019-12-06 * "Pizza Delfina" "" #trip-san-francisco-2019
  Liabilities:US:Chase:Slate                       -19.96 USD
  Expenses:Food:Restaurant                          19.96 USD

2019-12-08 * "Waterbar" "" #trip-san-francisco-2019
  Liabilities:US:Chase:Slate                       -49.75 USD
  Expenses:Food:Restaurant                          49.75 USD

2019-12-08 * "Chase:Slate" "Paying off credit card"
  Liabilities:US:Chase:Slate                       294.36 USD
  Assets:US:BofA:Checking                         -294.36 USD

2019-12-09 * "Pizza Delfina" "" #trip-san-francisco-2019
  Liabilities:US:Chase:Slate                       -20.39 USD
  Expenses:Food:Restaurant                          20.39 USD

2019-12-10 * "Waterbar" "" #trip-san-francisco-2019
  Liabilities:US:Chase:Slate                       -63.23 USD
  Expenses:Food:Restaurant                          63.23 USD

2019-12-10 * "Mission Chinese Food" "" #trip-san-francisco-2019
  Liabilities:US:Chase:Slate                       -32.25 USD
  Expenses:Food:Restaurant                          32.25 USD

2019-12-11 * "Pizza Delfina" "" #trip-san-francisco-2019
  Liabilities:US:Chase:Slate                       -17.74 USD
  Expenses:Food:Restaurant                          17.74 USD

2019-12-12 * "Waterbar" "" #trip-san-francisco-2019
  Liabilities:US:Chase:Slate                       -59.75 USD
  Expenses:Food:Restaurant                          59.75 USD

2019-12-12 * "Starbucks" "" #trip-san-francisco-2019
  Liabilities:US:Chase:Slate                        -6.89 USD
  Expenses:Food:Coffee                               6.89 USD

2019-12-14 * "Pizza Delfina" "" #trip-san-francisco-2019
  Liabilities:US:Chase:Slate                       -19.30 USD
  Expenses:Food:Restaurant                          19.30 USD

2019-12-14 * "Mission Chinese Food" "" #trip-san-francisco-2019
  Liabilities:US:Chase:Slate                       -26.81 USD
  Expenses:Food:Restaurant                          26.81 USD

2019-12-15 * "Starbucks" "" #trip-san-francisco-2019
  Liabilities:US:Chase:Slate                        -6.11 USD
  Expenses:Food:Coffee                               6.11 USD

2019-12-16 * "Waterbar" "" #trip-san-francisco-2019
  Liabilities:US:Chase:Slate                       -48.15 USD
  Expenses:Food:Restaurant                          48.15 USD

2019-12-17 * "Pizza Delfina" "" #trip-san-francisco-2019
  Liabilities:US:Chase:Slate                       -18.46 USD
  Expenses:Food:Restaurant                          18.46 USD

2019-12-17 * "Mission Chinese Food" "" #trip-san-francisco-2019
  Liabilities:US:Chase:Slate                       -25.81 USD
  Expenses:Food:Restaurant                          25.81 USD

2019-12-18 * "Mission Chinese Food" "" #trip-san-francisco-2019
  Liabilities:US:Chase:Slate                       -37.20 USD
  Expenses:Food:Restaurant                          37.20 USD

2019-12-19 * "Uncle Boons" "Eating out with Bill"
  Liabilities:US:Chase:Slate                       -28.23 USD
  Expenses:Food:Restaurant                          28.23 USD

2019-12-19 * "Pizza Delfina" "" #trip-san-francisco-2019
  Liabilities:US:Chase:Slate                       -20.97 USD
  Expenses:Food:Restaurant                          20.97 USD

2019-12-19 * "Consume vacation days"
  Assets:US:Hooli:Vacation                           -176 VACHR
  Expenses:Vacation                                   176 VACHR

2019-12-19 event "location" "New Metropolis"

2019-12-23 * "Uncle Boons" "Eating out after work"
  Liabilities:US:Chase:Slate                       -22.91 USD
  Expenses:Food:Restaurant                          22.91 USD

2019-12-26 balance Liabilities:US:Chase:Slate    -1563.23 USD

2019-12-27 * "Kin Soy" "Eating out with work buddies"
  Liabilities:US:Chase:Slate                       -17.39 USD
  Expenses:Food:Restaurant                          17.39 USD

2019-12-28 * "China Garden" "Eating out after work"
  Liabilities:US:Chase:Slate                       -21.97 USD
  Expenses:Food:Restaurant                          21.97 USD

2019-12-29 * "Chichipotle" "Eating out after work"
  Liabilities:US:Chase:Slate                       -44.65 USD
  Expenses:Food:Restaurant                          44.65 USD

2019-12-31 * "Metro Transport Authority" "Tram tickets"
  Liabilities:US:Chase:Slate                      -120.00 USD
  Expenses:Transport:Tram                          120.00 USD

2020-01-02 * "Good Moods Market" "Buying groceries"
  Liabilities:US:Chase:Slate                       -90.36 USD
  Expenses:Food:Groceries                           90.36 USD

2020-01-03 * "China Garden" "Eating out with Natasha"
  Liabilities:US:Chase:Slate                       -18.89 USD
  Expenses:Food:Restaurant                          18.89 USD

2020-01-07 * "Rose Flower" "Eating out with Julie"
  Liabilities:US:Chase:Slate                       -55.07 USD
  Expenses:Food:Restaurant                          55.07 USD

2020-01-07 * "Chase:Slate" "Paying off credit card"
  Liabilities:US:Chase:Slate                       391.24 USD
  Assets:US:BofA:Checking                         -391.24 USD

2020-01-10 * "Chichipotle" "Eating out with work buddies"
  Liabilities:US:Chase:Slate                       -28.67 USD
  Expenses:Food:Restaurant                          28.67 USD

2020-01-15 * "Chichipotle" "Eating out with Bill"
  Liabilities:US:Chase:Slate                       -29.98 USD
  Expenses:Food:Restaurant                          29.98 USD

2020-01-18 * "Jewel of Morroco" "Eating out with Julie"
  Liabilities:US:Chase:Slate                       -41.74 USD
  Expenses:Food:Restaurant                          41.74 USD

2020-01-22 balance Liabilities:US:Chase:Slate    -1640.71 USD

2020-01-22 * "Onion Market" "Buying groceries"
  Liabilities:US:Chase:Slate                       -81.31 USD
  Expenses:Food:Groceries                           81.31 USD

2020-01-23 * "Cafe Modagor" "Eating out with Julie"
  Liabilities:US:Chase:Slate                       -22.03 USD
  Expenses:Food:Restaurant                          22.03 USD

2020-01-28 * "Cafe Modagor" "Eating out after work"
  Liabilities:US:Chase:Slate                       -17.50 USD
  Expenses:Food:Restaurant                          17.50 USD

2020-01-31 * "Metro Transport Authority" "Tram tickets"
  Liabilities:US:Chase:Slate                      -120.00 USD
  Expenses:Transport:Tram                          120.00 USD

2020-02-01 * "Rose Flower" "Eating out alone"
  Liabilities:US:Chase:Slate                       -20.42 USD
  Expenses:Food:Restaurant                          20.42 USD

2020-02-03 * "Chichipotle" "Eating out with Natasha"
  Liabilities:US:Chase:Slate                       -58.70 USD
  Expenses:Food:Restaurant                          58.70 USD

2020-02-04 * "Onion Market" "Buying groceries"
  Liabilities:US:Chase:Slate                       -92.98 USD
  Expenses:Food:Groceries                           92.98 USD

2020-02-08 * "China Garden" "Eating out alone"
  Liabilities:US:Chase:Slate                       -80.04 USD
  Expenses:Food:Restaurant                          80.04 USD

2020-02-08 * "Chase:Slate" "Paying off credit card"
  Liabilities:US:Chase:Slate                       593.37 USD
  Assets:US:BofA:Checking                         -593.37 USD

2020-02-09 * "Chichipotle" "Eating out with Julie"
  Liabilities:US:Chase:Slate                       -16.72 USD
  Expenses:Food:Restaurant                          16.72 USD

2020-02-14 balance Liabilities:US:Chase:Slate    -1557.04 USD

2020-02-14 * "Cafe Modagor" "Eating out after work"
  Liabilities:US:Chase:Slate                       -19.52 USD
  Expenses:Food:Restaurant                          19.52 USD

2020-02-14 * "Farmer Fresh" "Buying groceries"
  Liabilities:US:Chase:Slate                       -75.12 USD
  Expenses:Food:Groceries                           75.12 USD

2020-02-18 * "Cafe Modagor" "Eating out with Bill"
  Liabilities:US:Chase:Slate                       -44.83 USD
  Expenses:Food:Restaurant                          44.83 USD

2020-02-19 * "China Garden" "Eating out "
  Liabilities:US:Chase:Slate                       -47.59 USD
  Expenses:Food:Restaurant                          47.59 USD

2020-02-23 * "Goba Goba" "Eating out after work"
  Liabilities:US:Chase:Slate                       -15.50 USD
  Expenses:Food:Restaurant                          15.50 USD

2020-02-25 * "China Garden" "Eating out with Julie"
  Liabilities:US:Chase:Slate                       -25.25 USD
  Expenses:Food:Restaurant                          25.25 USD

2020-02-29 * "Cafe Modagor" "Eating out with Natasha"
  Liabilities:US:Chase:Slate                       -60.77 USD
  Expenses:Food:Restaurant                          60.77 USD

2020-02-29 * "Metro Transport Authority" "Tram tickets"
  Liabilities:US:Chase:Slate                      -120.00 USD
  Expenses:Transport:Tram                          120.00 USD

2020-03-02 * "Rose Flower" "Eating out after work"
  Liabilities:US:Chase:Slate                       -30.57 USD
  Expenses:Food:Restaurant                          30.57 USD

2020-03-04 * "Farmer Fresh" "Buying groceries"
  Liabilities:US:Chase:Slate                       -88.57 USD
  Expenses:Food:Groceries                           88.57 USD

2020-03-05 balance Liabilities:US:Chase:Slate    -2084.76 USD

2020-03-05 * "Jewel of Morroco" "Eating out with Bill"
  Liabilities:US:Chase:Slate                       -36.30 USD
  Expenses:Food:Restaurant                          36.30 USD

2020-03-08 * "Chichipotle" "Eating out with Joe"
  Liabilities:US:Chase:Slate                       -20.73 USD
  Expenses:Food:Restaurant                          20.73 USD

2020-03-09 * "Chase:Slate" "Paying off credit card"
  Liabilities:US:Chase:Slate                       692.94 USD
  Assets:US:BofA:Checking                         -692.94 USD

2020-03-10 * "Corner Deli" "Buying groceries"
  Liabilities:US:Chase:Slate                       -91.47 USD
  Expenses:Food:Groceries                           91.47 USD

2020-03-11 * "Cafe Modagor" "Eating out with Bill"
  Liabilities:US:Chase:Slate                       -29.65 USD
  Expenses:Food:Restaurant                          29.65 USD

2020-03-14 * "Uncle Boons" "Eating out alone"
  Liabilities:US:Chase:Slate                       -21.18 USD
  Expenses:Food:Restaurant                          21.18 USD

2020-03-15 * "China Garden" "Eating out with work buddies"
  Liabilities:US:Chase:Slate                       -15.97 USD
  Expenses:Food:Restaurant                          15.97 USD

2020-03-16 * "Kin Soy" "Eating out "
  Liabilities:US:Chase:Slate                       -25.68 USD
  Expenses:Food:Restaurant                          25.68 USD

2020-03-19 * "Good Moods Market" "Buying groceries"
  Liabilities:US:Chase:Slate                       -91.00 USD
  Expenses:Food:Groceries                           91.00 USD

2020-03-21 * "Rose Flower" "Eating out alone"
  Liabilities:US:Chase:Slate                       -11.79 USD
  Expenses:Food:Restaurant                          11.79 USD

2020-03-25 balance Liabilities:US:Chase:Slate    -1735.59 USD

2020-03-25 * "Chichipotle" "Eating out after work"
  Liabilities:US:Chase:Slate                       -47.34 USD
  Expenses:Food:Restaurant                          47.34 USD

2020-03-29 * "Chichipotle" "Eating out with Joe"
  Liabilities:US:Chase:Slate                       -20.95 USD
  Expenses:Food:Restaurant                          20.95 USD

2020-03-29 * "Metro Transport Authority" "Tram tickets"
  Liabilities:US:Chase:Slate                      -120.00 USD
  Expenses:Transport:Tram                          120.00 USD

2020-03-31 * "Kin Soy" "Eating out with Julie"
  Liabilities:US:Chase:Slate                       -25.44 USD
  Expenses:Food:Restaurant                          25.44 USD

2020-04-02 * "Uncle Boons" "Eating out after work"
  Liabilities:US:Chase:Slate                       -34.73 USD
  Expenses:Food:Restaurant                          34.73 USD

2020-04-03 * "Good Moods Market" "Buying groceries"
  Liabilities:US:Chase:Slate                       -74.54 USD
  Expenses:Food:Groceries                           74.54 USD

2020-04-06 * "Jewel of Morroco" "Eating out with Bill"
  Liabilities:US:Chase:Slate                       -71.61 USD
  Expenses:Food:Restaurant                          71.61 USD

2020-04-08 * "Chase:Slate" "Paying off credit card"
  Liabilities:US:Chase:Slate                       620.35 USD
  Assets:US:BofA:Checking                         -620.35 USD

2020-04-09 * "China Garden" "Eating out "
  Liabilities:US:Chase:Slate                       -30.47 USD
  Expenses:Food:Restaurant                          30.47 USD

2020-04-09 * "Onion Market" "Buying groceries"
  Liabilities:US:Chase:Slate                      -116.83 USD
  Expenses:Food:Groceries                          116.83 USD

2020-04-11 * "Chichipotle" "Eating out with work buddies"
  Liabilities:US:Chase:Slate                       -27.90 USD
  Expenses:Food:Restaurant                          27.90 USD

2020-04-15 * "Chichipotle" "Eating out "
  Liabilities:US:Chase:Slate                       -23.24 USD
  Expenses:Food:Restaurant                          23.24 USD

2020-04-19 balance Liabilities:US:Chase:Slate    -1708.29 USD

2020-04-20 * "Goba Goba" "Eating out with Bill"
  Liabilities:US:Chase:Slate                       -22.40 USD
  Expenses:Food:Restaurant                          22.40 USD

2020-04-20 * "Corner Deli" "Buying groceries"
  Liabilities:US:Chase:Slate                      -107.52 USD
  Expenses:Food:Groceries                          107.52 USD

2020-04-21 * "Uncle Boons" "Eating out with work buddies"
  Liabilities:US:Chase:Slate                       -65.80 USD
  Expenses:Food:Restaurant                          65.80 USD

2020-04-22 * "Goba Goba" "Eating out "
  Liabilities:US:Chase:Slate                       -19.94 USD
  Expenses:Food:Restaurant                          19.94 USD

2020-04-25 * "Metro Transport Authority" "Tram tickets"
  Liabilities:US:Chase:Slate                      -120.00 USD
  Expenses:Transport:Tram                          120.00 USD

2020-04-27 * "Kin Soy" "Eating out with Joe"
  Liabilities:US:Chase:Slate                       -27.30 USD
  Expenses:Food:Restaurant                          27.30 USD

2020-05-02 * "Cafe Modagor" "Eating out with Natasha"
  Liabilities:US:Chase:Slate                       -34.33 USD
  Expenses:Food:Restaurant                          34.33 USD

2020-05-03 * "Good Moods Market" "Buying groceries"
  Liabilities:US:Chase:Slate                       -75.74 USD
  Expenses:Food:Groceries                           75.74 USD

2020-05-06 * "Goba Goba" "Eating out with Natasha"
  Liabilities:US:Chase:Slate                       -40.07 USD
  Expenses:Food:Restaurant                          40.07 USD

2020-05-07 * "Kin Soy" "Eating out "
  Liabilities:US:Chase:Slate                       -20.49 USD
  Expenses:Food:Restaurant                          20.49 USD

2020-05-08 event "location" "San Francisco"

2020-05-08 * "Chase:Slate" "Paying off credit card"
  Liabilities:US:Chase:Slate                       761.86 USD
  Assets:US:BofA:Checking                         -761.86 USD

2020-05-10 * "Waterbar" "" #trip-san-francisco-2020
  Liabilities:US:Chase:Slate                       -52.99 USD
  Expenses:Food:Restaurant                          52.99 USD

2020-05-10 * "Starbucks" "" #trip-san-francisco-2020
  Liabilities:US:Chase:Slate                        -6.29 USD
  Expenses:Food:Coffee                               6.29 USD

2020-05-11 * "Bar Crudo" "" #trip-san-francisco-2020
  Liabilities:US:Chase:Slate                       -66.90 USD
  Expenses:Food:Restaurant                          66.90 USD

2020-05-11 * "Pizza Delfina" "" #trip-san-francisco-2020
  Liabilities:US:Chase:Slate                       -17.65 USD
  Expenses:Food:Restaurant                          17.65 USD

2020-05-11 * "Mission Chinese Food" "" #trip-san-francisco-2020
  Liabilities:US:Chase:Slate                       -25.82 USD
  Expenses:Food:Restaurant                          25.82 USD

2020-05-11 * "Starbucks" "" #trip-san-francisco-2020
  Liabilities:US:Chase:Slate                        -5.64 USD
  Expenses:Food:Coffee                               5.64 USD

2020-05-12 balance Liabilities:US:Chase:Slate    -1655.31 USD

2020-05-12 * "Pizza Delfina" "" #trip-san-francisco-2020
  Liabilities:US:Chase:Slate                       -19.97 USD
  Expenses:Food:Restaurant                          19.97 USD

2020-05-12 * "Mission Chinese Food" "" #trip-san-francisco-2020
  Liabilities:US:Chase:Slate                       -24.73 USD
  Expenses:Food:Restaurant                          24.73 USD

2020-05-12 * "Starbucks" "" #trip-san-francisco-2020
  Liabilities:US:Chase:Slate                        -5.76 USD
  Expenses:Food:Coffee                               5.76 USD

2020-05-14 * "Bar Crudo" "" #trip-san-francisco-2020
  Liabilities:US:Chase:Slate                       -66.80 USD
  Expenses:Food:Restaurant                          66.80 USD

2020-05-14 * "Pizza Delfina" "" #trip-san-francisco-2020
  Liabilities:US:Chase:Slate                       -19.13 USD
  Expenses:Food:Restaurant                          19.13 USD

2020-05-14 * "Waterbar" "" #trip-san-francisco-2020
  Liabilities:US:Chase:Slate                       -56.84 USD
  Expenses:Food:Restaurant                          56.84 USD

2020-05-15 * "Bar Crudo" "" #trip-san-francisco-2020
  Liabilities:US:Chase:Slate                       -68.94 USD
  Expenses:Food:Restaurant                          68.94 USD

2020-05-15 * "Pizza Delfina" "" #trip-san-francisco-2020
  Liabilities:US:Chase:Slate                       -20.52 USD
  Expenses:Food:Restaurant                          20.52 USD

2020-05-15 * "Waterbar" "" #trip-san-francisco-2020
  Liabilities:US:Chase:Slate                       -50.06 USD
  Expenses:Food:Restaurant                          50.06 USD

2020-05-15 * "Starbucks" "" #trip-san-francisco-2020
  Liabilities:US:Chase:Slate                        -6.89 USD
  Expenses:Food:Coffee                               6.89 USD

2020-05-16 * "Waterbar" "" #trip-san-francisco-2020
  Liabilities:US:Chase:Slate                       -51.75 USD
  Expenses:Food:Restaurant                          51.75 USD

2020-05-17 * "Mission Chinese Food" "" #trip-san-francisco-2020
  Liabilities:US:Chase:Slate                       -25.44 USD
  Expenses:Food:Restaurant                          25.44 USD

2020-05-18 * "Farmer Fresh" "Buying groceries"
  Liabilities:US:Chase:Slate                       -60.30 USD
  Expenses:Food:Groceries                           60.30 USD

2020-05-18 * "Bar Crudo" "" #trip-san-francisco-2020
  Liabilities:US:Chase:Slate                       -61.29 USD
  Expenses:Food:Restaurant                          61.29 USD

2020-05-18 * "Pizza Delfina" "" #trip-san-francisco-2020
  Liabilities:US:Chase:Slate                       -22.05 USD
  Expenses:Food:Restaurant                          22.05 USD

2020-05-18 * "Consume vacation days"
  Assets:US:Hooli:Vacation                            -80 VACHR
  Expenses:Vacation                                    80 VACHR

2020-05-18 event "location" "New Metropolis"

2020-05-20 * "Jewel of Morroco" "Eating out with Joe"
  Liabilities:US:Chase:Slate                       -49.42 USD
  Expenses:Food:Restaurant                          49.42 USD

2020-05-24 * "Jewel of Morroco" "Eating out after work"
  Liabilities:US:Chase:Slate                       -46.14 USD
  Expenses:Food:Restaurant                          46.14 USD

2020-05-27 * "Metro Transport Authority" "Tram tickets"
  Liabilities:US:Chase:Slate                      -120.00 USD
  Expenses:Transport:Tram                          120.00 USD

2020-05-28 * "Goba Goba" "Eating out with Bill"
  Liabilities:US:Chase:Slate                       -25.53 USD
  Expenses:Food:Restaurant                          25.53 USD

2020-05-30 * "Corner Deli" "Buying groceries"
  Liabilities:US:Chase:Slate                       -39.57 USD
  Expenses:Food:Groceries                           39.57 USD

2020-05-31 * "Chichipotle" "Eating out alone"
  Liabilities:US:Chase:Slate                       -23.12 USD
  Expenses:Food:Restaurant                          23.12 USD

2020-06-01 balance Liabilities:US:Chase:Slate    -2519.56 USD

2020-06-03 * "Kin Soy" "Eating out with work buddies"
  Liabilities:US:Chase:Slate                       -23.73 USD
  Expenses:Food:Restaurant                          23.73 USD

2020-06-04 * "Rose Flower" "Eating out with Bill"
  Liabilities:US:Chase:Slate                       -34.64 USD
  Expenses:Food:Restaurant                          34.64 USD

2020-06-06 * "Kin Soy" "Eating out with Joe"
  Liabilities:US:Chase:Slate                       -25.41 USD
  Expenses:Food:Restaurant                          25.41 USD

2020-06-07 * "Chase:Slate" "Paying off credit card"
  Liabilities:US:Chase:Slate                       416.75 USD
  Assets:US:BofA:Checking                         -416.75 USD

2020-06-08 * "Goba Goba" "Eating out with Natasha"
  Liabilities:US:Chase:Slate                       -29.19 USD
  Expenses:Food:Restaurant                          29.19 USD

2020-06-10 * "Cafe Modagor" "Eating out with Natasha"
  Liabilities:US:Chase:Slate                       -36.34 USD
  Expenses:Food:Restaurant                          36.34 USD

2020-06-10 * "Good Moods Market" "Buying groceries"
  Liabilities:US:Chase:Slate                       -93.78 USD
  Expenses:Food:Groceries                           93.78 USD

2020-06-14 * "Uncle Boons" "Eating out "
  Liabilities:US:Chase:Slate                       -36.43 USD
  Expenses:Food:Restaurant                          36.43 USD

2020-06-17 * "Uncle Boons" "Eating out "
  Liabilities:US:Chase:Slate                       -16.73 USD
  Expenses:Food:Restaurant                          16.73 USD

2020-06-20 * "Jewel of Morroco" "Eating out with work buddies"
  Liabilities:US:Chase:Slate                       -30.08 USD
  Expenses:Food:Restaurant                          30.08 USD

2020-06-21 * "Chichipotle" "Eating out with Natasha"
  Liabilities:US:Chase:Slate                       -48.52 USD
  Expenses:Food:Restaurant                          48.52 USD

2020-06-25 * "Kin Soy" "Eating out after work"
  Liabilities:US:Chase:Slate                       -22.97 USD
  Expenses:Food:Restaurant                          22.97 USD

2020-06-26 balance Liabilities:US:Chase:Slate    -2500.63 USD

2020-06-26 * "Farmer Fresh" "Buying groceries"
  Liabilities:US:Chase:Slate                       -58.90 USD
  Expenses:Food:Groceries                           58.90 USD

2020-06-27 * "Rose Flower" "Eating out with Joe"
  Liabilities:US:Chase:Slate                       -14.76 USD
  Expenses:Food:Restaurant                          14.76 USD

2020-06-28 * "Metro Transport Authority" "Tram tickets"
  Liabilities:US:Chase:Slate                      -120.00 USD
  Expenses:Transport:Tram                          120.00 USD

2020-07-02 * "Kin Soy" "Eating out with Joe"
  Liabilities:US:Chase:Slate                       -37.16 USD
  Expenses:Food:Restaurant                          37.16 USD

2020-07-05 * "Onion Market" "Buying groceries"
  Liabilities:US:Chase:Slate                       -72.25 USD
  Expenses:Food:Groceries                           72.25 USD

2020-07-07 * "Jewel of Morroco" "Eating out with Joe"
  Liabilities:US:Chase:Slate                       -45.63 USD
  Expenses:Food:Restaurant                          45.63 USD

2020-07-07 * "Chase:Slate" "Paying off credit card"
  Liabilities:US:Chase:Slate                       633.55 USD
  Assets:US:BofA:Checking                         -633.55 USD

2020-07-09 * "China Garden" "Eating out with Joe"
  Liabilities:US:Chase:Slate                       -32.26 USD
  Expenses:Food:Restaurant                          32.26 USD

2020-07-11 * "Cafe Modagor" "Eating out with work buddies"
  Liabilities:US:Chase:Slate                       -34.08 USD
  Expenses:Food:Restaurant                          34.08 USD

2020-07-16 * "Rose Flower" "Eating out alone"
  Liabilities:US:Chase:Slate                       -12.51 USD
  Expenses:Food:Restaurant                          12.51 USD

2020-07-20 * "Chichipotle" "Eating out with Julie"
  Liabilities:US:Chase:Slate                       -26.35 USD
  Expenses:Food:Restaurant                          26.35 USD

2020-07-22 balance Liabilities:US:Chase:Slate    -2320.98 USD

2020-07-22 * "Cafe Modagor" "Eating out with Bill"
  Liabilities:US:Chase:Slate                       -19.15 USD
  Expenses:Food:Restaurant                          19.15 USD

2020-07-23 * "Farmer Fresh" "Buying groceries"
  Liabilities:US:Chase:Slate                       -53.81 USD
  Expenses:Food:Groceries                           53.81 USD

2020-07-24 * "Goba Goba" "Eating out after work"
  Liabilities:US:Chase:Slate                       -41.21 USD
  Expenses:Food:Restaurant                          41.21 USD

2020-07-25 * "Metro Transport Authority" "Tram tickets"
  Liabilities:US:Chase:Slate                      -120.00 USD
  Expenses:Transport:Tram                          120.00 USD

2020-07-26 * "China Garden" "Eating out alone"
  Liabilities:US:Chase:Slate                       -26.29 USD
  Expenses:Food:Restaurant                          26.29 USD

2020-07-28 * "Cafe Modagor" "Eating out "
  Liabilities:US:Chase:Slate                       -23.76 USD
  Expenses:Food:Restaurant                          23.76 USD

2020-07-29 * "Kin Soy" "Eating out "
  Liabilities:US:Chase:Slate                       -27.53 USD
  Expenses:Food:Restaurant                          27.53 USD

2020-08-01 * "Rose Flower" "Eating out with Joe"
  Liabilities:US:Chase:Slate                       -31.74 USD
  Expenses:Food:Restaurant                          31.74 USD

2020-08-04 * "Kin Soy" "Eating out with Joe"
  Liabilities:US:Chase:Slate                       -32.88 USD
  Expenses:Food:Restaurant                          32.88 USD

2020-08-08 * "Chase:Slate" "Paying off credit card"
  Liabilities:US:Chase:Slate                       504.03 USD
  Assets:US:BofA:Checking                         -504.03 USD

2020-08-09 * "Goba Goba" "Eating out with Julie"
  Liabilities:US:Chase:Slate                       -22.46 USD
  Expenses:Food:Restaurant                          22.46 USD

2020-08-10 * "Onion Market" "Buying groceries"
  Liabilities:US:Chase:Slate                      -121.02 USD
  Expenses:Food:Groceries                          121.02 USD

2020-08-11 * "Chichipotle" "Eating out with Natasha"
  Liabilities:US:Chase:Slate                       -47.93 USD
  Expenses:Food:Restaurant                          47.93 USD

2020-08-12 * "Rose Flower" "Eating out with Julie"
  Liabilities:US:Chase:Slate                       -12.45 USD
  Expenses:Food:Restaurant                          12.45 USD

2020-08-14 balance Liabilities:US:Chase:Slate    -2397.18 USD

2020-08-14 * "Uncle Boons" "Eating out "
  Liabilities:US:Chase:Slate                       -34.10 USD
  Expenses:Food:Restaurant                          34.10 USD

2020-08-15 * "Goba Goba" "Eating out with Natasha"
  Liabilities:US:Chase:Slate                       -52.62 USD
  Expenses:Food:Restaurant                          52.62 USD

2020-08-20 * "Cafe Modagor" "Eating out with work buddies"
  Liabilities:US:Chase:Slate                       -27.64 USD
  Expenses:Food:Restaurant                          27.64 USD

2020-08-23 * "Corner Deli" "Buying groceries"
  Liabilities:US:Chase:Slate                       -88.73 USD
  Expenses:Food:Groceries                           88.73 USD

2020-08-24 * "Cafe Modagor" "Eating out with Joe"
  Liabilities:US:Chase:Slate                       -17.63 USD
  Expenses:Food:Restaurant                          17.63 USD

2020-08-24 * "Metro Transport Authority" "Tram tickets"
  Liabilities:US:Chase:Slate                      -120.00 USD
  Expenses:Transport:Tram                          120.00 USD

2020-08-27 * "Jewel of Morroco" "Eating out with Natasha"
  Liabilities:US:Chase:Slate                       -55.05 USD
  Expenses:Food:Restaurant                          55.05 USD

2020-08-28 * "Chichipotle" "Eating out with Julie"
  Liabilities:US:Chase:Slate                       -55.21 USD
  Expenses:Food:Restaurant                          55.21 USD

2020-08-30 * "Uncle Boons" "Eating out with Bill"
  Liabilities:US:Chase:Slate                       -24.11 USD
  Expenses:Food:Restaurant                          24.11 USD

2020-09-03 * "China Garden" "Eating out with Bill"
  Liabilities:US:Chase:Slate                       -42.24 USD
  Expenses:Food:Restaurant                          42.24 USD

2020-09-07 * "Chase:Slate" "Paying off credit card"
  Liabilities:US:Chase:Slate                       760.57 USD
  Assets:US:BofA:Checking                         -760.57 USD

2020-09-08 * "Chichipotle" "Eating out alone"
  Liabilities:US:Chase:Slate                       -61.84 USD
  Expenses:Food:Restaurant                          61.84 USD

2020-09-09 * "Uncle Boons" "Eating out with work buddies"
  Liabilities:US:Chase:Slate                       -30.37 USD
  Expenses:Food:Restaurant                          30.37 USD

2020-09-09 * "Farmer Fresh" "Buying groceries"
  Liabilities:US:Chase:Slate                       -80.97 USD
  Expenses:Food:Groceries                           80.97 USD

2020-09-10 balance Liabilities:US:Chase:Slate    -2327.12 USD

2020-09-11 * "Cafe Modagor" "Eating out "
  Liabilities:US:Chase:Slate                        -9.63 USD
  Expenses:Food:Restaurant                           9.63 USD

2020-09-14 * "Jewel of Morroco" "Eating out with Bill"
  Liabilities:US:Chase:Slate                       -24.01 USD
  Expenses:Food:Restaurant                          24.01 USD

2020-09-14 * "Farmer Fresh" "Buying groceries"
  Liabilities:US:Chase:Slate                       -87.17 USD
  Expenses:Food:Groceries                           87.17 USD

2020-09-19 * "Goba Goba" "Eating out with Joe"
  Liabilities:US:Chase:Slate                       -16.74 USD
  Expenses:Food:Restaurant                          16.74 USD

2020-09-20 * "Metro Transport Authority" "Tram tickets"
  Liabilities:US:Chase:Slate                      -120.00 USD
  Expenses:Transport:Tram                          120.00 USD

2020-09-21 * "Chichipotle" "Eating out with Bill"
  Liabilities:US:Chase:Slate                       -24.90 USD
  Expenses:Food:Restaurant                          24.90 USD

2020-09-24 * "Jewel of Morroco" "Eating out "
  Liabilities:US:Chase:Slate                       -60.10 USD
  Expenses:Food:Restaurant                          60.10 USD

2020-09-25 * "Uncle Boons" "Eating out with Joe"
  Liabilities:US:Chase:Slate                       -47.29 USD
  Expenses:Food:Restaurant                          47.29 USD

2020-09-29 * "Chichipotle" "Eating out with Natasha"
  Liabilities:US:Chase:Slate                       -20.52 USD
  Expenses:Food:Restaurant                          20.52 USD

2020-10-04 * "Cafe Modagor" "Eating out with Natasha"
  Liabilities:US:Chase:Slate                       -11.58 USD
  Expenses:Food:Restaurant                          11.58 USD

2020-10-04 * "Corner Deli" "Buying groceries"
  Liabilities:US:Chase:Slate                       -66.80 USD
  Expenses:Food:Groceries                           66.80 USD

2020-10-05 balance Liabilities:US:Chase:Slate    -2815.86 USD

2020-10-07 * "Chase:Slate" "Paying off credit card"
  Liabilities:US:Chase:Slate                       621.93 USD
  Assets:US:BofA:Checking                         -621.93 USD

2020-10-08 * "Uncle Boons" "Eating out with Natasha"
  Liabilities:US:Chase:Slate                       -21.85 USD
  Expenses:Food:Restaurant                          21.85 USD

2020-10-10 * "Rose Flower" "Eating out with Bill"
  Liabilities:US:Chase:Slate                       -51.25 USD
  Expenses:Food:Restaurant                          51.25 USD

2020-10-12 * "China Garden" "Eating out after work"
  Liabilities:US:Chase:Slate                       -36.86 USD
  Expenses:Food:Restaurant                          36.86 USD

2020-10-15 * "Jewel of Morroco" "Eating out with Julie"
  Liabilities:US:Chase:Slate                       -40.72 USD
  Expenses:Food:Restaurant                          40.72 USD

2020-10-18 * "Chichipotle" "Eating out with Natasha"
  Liabilities:US:Chase:Slate                       -24.69 USD
  Expenses:Food:Restaurant                          24.69 USD

2020-10-19 * "China Garden" "Eating out with Joe"
  Liabilities:US:Chase:Slate                       -22.35 USD
  Expenses:Food:Restaurant                          22.35 USD

2020-10-19 * "Good Moods Market" "Buying groceries"
  Liabilities:US:Chase:Slate                      -106.75 USD
  Expenses:Food:Groceries                          106.75 USD

2020-10-23 * "Rose Flower" "Eating out with Bill"
  Liabilities:US:Chase:Slate                       -61.06 USD
  Expenses:Food:Restaurant                          61.06 USD

2020-10-23 * "Metro Transport Authority" "Tram tickets"
  Liabilities:US:Chase:Slate                      -120.00 USD
  Expenses:Transport:Tram                          120.00 USD

2020-10-26 * "Good Moods Market" "Buying groceries"
  Liabilities:US:Chase:Slate                       -78.81 USD
  Expenses:Food:Groceries                           78.81 USD

2020-10-27 * "Uncle Boons" "Eating out with Julie"
  Liabilities:US:Chase:Slate                       -28.14 USD
  Expenses:Food:Restaurant                          28.14 USD

2020-11-01 * "Goba Goba" "Eating out "
  Liabilities:US:Chase:Slate                       -42.03 USD
  Expenses:Food:Restaurant                          42.03 USD

2020-11-04 balance Liabilities:US:Chase:Slate    -2828.44 USD

2020-11-04 * "Goba Goba" "Eating out with Julie"
  Liabilities:US:Chase:Slate                       -18.64 USD
  Expenses:Food:Restaurant                          18.64 USD

2020-11-09 * "Chichipotle" "Eating out with Bill"
  Liabilities:US:Chase:Slate                       -17.66 USD
  Expenses:Food:Restaurant                          17.66 USD

2020-11-11 * "Chase:Slate" "Paying off credit card"
  Liabilities:US:Chase:Slate                       669.80 USD
  Assets:US:BofA:Checking                         -669.80 USD

2020-11-12 * "Cafe Modagor" "Eating out with Joe"
  Liabilities:US:Chase:Slate                       -20.84 USD
  Expenses:Food:Restaurant                          20.84 USD

2020-11-14 * "Good Moods Market" "Buying groceries"
  Liabilities:US:Chase:Slate                       -83.73 USD
  Expenses:Food:Groceries                           83.73 USD

2020-11-15 * "Kin Soy" "Eating out with Natasha"
  Liabilities:US:Chase:Slate                       -21.11 USD
  Expenses:Food:Restaurant                          21.11 USD

2020-11-19 * "Jewel of Morroco" "Eating out after work"
  Liabilities:US:Chase:Slate                       -45.52 USD
  Expenses:Food:Restaurant                          45.52 USD

2020-11-22 * "Jewel of Morroco" "Eating out after work"
  Liabilities:US:Chase:Slate                       -29.33 USD
  Expenses:Food:Restaurant                          29.33 USD

2020-11-23 * "Rose Flower" "Eating out alone"
  Liabilities:US:Chase:Slate                       -10.22 USD
  Expenses:Food:Restaurant                          10.22 USD

2020-11-23 * "Farmer Fresh" "Buying groceries"
  Liabilities:US:Chase:Slate                       -82.07 USD
  Expenses:Food:Groceries                           82.07 USD

2020-11-24 * "Metro Transport Authority" "Tram tickets"
  Liabilities:US:Chase:Slate                      -120.00 USD
  Expenses:Transport:Tram                          120.00 USD

2020-11-27 * "Uncle Boons" "Eating out with Julie"
  Liabilities:US:Chase:Slate                       -57.00 USD
  Expenses:Food:Restaurant                          57.00 USD

2020-11-28 balance Liabilities:US:Chase:Slate    -2664.76 USD

2020-11-28 * "Rose Flower" "Eating out with Natasha"
  Liabilities:US:Chase:Slate                       -28.92 USD
  Expenses:Food:Restaurant                          28.92 USD

2020-11-29 * "Cafe Modagor" "Eating out with Julie"
  Liabilities:US:Chase:Slate                       -53.00 USD
  Expenses:Food:Restaurant                          53.00 USD

2020-12-01 * "Good Moods Market" "Buying groceries"
  Liabilities:US:Chase:Slate                      -100.61 USD
  Expenses:Food:Groceries                          100.61 USD

2020-12-03 * "Kin Soy" "Eating out with Bill"
  Liabilities:US:Chase:Slate                       -17.82 USD
  Expenses:Food:Restaurant                          17.82 USD

2020-12-07 * "Kin Soy" "Eating out with Bill"
  Liabilities:US:Chase:Slate                       -70.41 USD
  Expenses:Food:Restaurant                          70.41 USD

2020-12-11 * "Jewel of Morroco" "Eating out with Natasha"
  Liabilities:US:Chase:Slate                       -33.81 USD
  Expenses:Food:Restaurant                          33.81 USD

2020-12-12 * "Good Moods Market" "Buying groceries"
  Liabilities:US:Chase:Slate                       -76.61 USD
  Expenses:Food:Groceries                           76.61 USD

2020-12-16 * "Rose Flower" "Eating out with Bill"
  Liabilities:US:Chase:Slate                       -47.84 USD
  Expenses:Food:Restaurant                          47.84 USD

2020-12-19 * "Rose Flower" "Eating out with Bill"
  Liabilities:US:Chase:Slate                       -22.56 USD
  Expenses:Food:Restaurant                          22.56 USD

2020-12-23 * "China Garden" "Eating out with Julie"
  Liabilities:US:Chase:Slate                       -15.06 USD
  Expenses:Food:Restaurant                          15.06 USD

2020-12-24 * "Metro Transport Authority" "Tram tickets"
  Liabilities:US:Chase:Slate                      -120.00 USD
  Expenses:Transport:Tram                          120.00 USD

2020-12-25 * "Jewel of Morroco" "Eating out alone"
  Liabilities:US:Chase:Slate                       -30.30 USD
  Expenses:Food:Restaurant                          30.30 USD

2020-12-27 balance Liabilities:US:Chase:Slate    -3281.70 USD

2020-12-28 * "China Garden" "Eating out with Bill"
  Liabilities:US:Chase:Slate                       -28.51 USD
  Expenses:Food:Restaurant                          28.51 USD

2020-12-29 * "Chichipotle" "Eating out with Julie"
  Liabilities:US:Chase:Slate                       -33.23 USD
  Expenses:Food:Restaurant                          33.23 USD

2020-12-30 * "Farmer Fresh" "Buying groceries"
  Liabilities:US:Chase:Slate                       -72.46 USD
  Expenses:Food:Groceries                           72.46 USD



* Taxable Investments

2019-01-01 open Assets:US:ETrade:Cash                       USD
2019-01-01 open Assets:US:ETrade:ITOT                       ITOT
2019-01-01 open Assets:US:ETrade:VEA                       VEA
2019-01-01 open Assets:US:ETrade:VHT                       VHT
2019-01-01 open Assets:US:ETrade:GLD                       GLD
2019-01-01 open Income:US:ETrade:PnL                        USD
2019-01-01 open Income:US:ETrade:ITOT:Dividend              USD
2019-01-01 open Income:US:ETrade:VEA:Dividend              USD
2019-01-01 open Income:US:ETrade:VHT:Dividend              USD
2019-01-01 open Income:US:ETrade:GLD:Dividend              USD

2019-09-18 * "Dividends on portfolio"
  Assets:US:ETrade:Cash                              0.00 USD
  Income:US:ETrade:ITOT:Dividend                     0.00 USD

2019-10-05 * "Buy shares of ITOT"
  Assets:US:ETrade:Cash                           -907.30 USD                         
  Assets:US:ETrade:ITOT                                15 ITOT {59.89 USD, 2019-10-05}
  Expenses:Financial:Commissions                     8.95 USD                         

2019-10-05 * "Buy shares of GLD"
  Assets:US:ETrade:Cash                           -832.05 USD                         
  Assets:US:ETrade:GLD                                 10 GLD {82.31 USD, 2019-10-05}
  Expenses:Financial:Commissions                     8.95 USD                         

2019-10-05 * "Buy shares of VHT"
  Assets:US:ETrade:Cash                           -868.77 USD                         
  Assets:US:ETrade:VHT                                 13 VHT {66.14 USD, 2019-10-05}
  Expenses:Financial:Commissions                     8.95 USD                         

2019-10-05 * "Buy shares of VEA"
  Assets:US:ETrade:Cash                           -743.86 USD                          
  Assets:US:ETrade:VEA                                  3 VEA {244.97 USD, 2019-10-05}
  Expenses:Financial:Commissions                     8.95 USD                          

2019-12-07 * "Buy shares of GLD"
  Assets:US:ETrade:Cash                          -1674.67 USD                         
  Assets:US:ETrade:GLD                                 21 GLD {79.32 USD, 2019-12-07}
  Expenses:Financial:Commissions                     8.95 USD                         

2019-12-07 * "Buy shares of ITOT"
  Assets:US:ETrade:Cash                          -1666.97 USD                         
  Assets:US:ETrade:ITOT                                26 ITOT {63.77 USD, 2019-12-07}
  Expenses:Financial:Commissions                     8.95 USD                         

2019-12-07 * "Buy shares of VEA"
  Assets:US:ETrade:Cash                          -1504.81 USD                          
  Assets:US:ETrade:VEA                                  6 VEA {249.31 USD, 2019-12-07}
  Expenses:Financial:Commissions                     8.95 USD                          

2019-12-17 * "Dividends on portfolio"
  Assets:US:ETrade:Cash                             32.54 USD
  Income:US:ETrade:VHT:Dividend                    -32.54 USD

2020-03-17 * "Dividends on portfolio"
  Assets:US:ETrade:Cash                             32.54 USD
  Income:US:ETrade:ITOT:Dividend                   -32.54 USD

2020-04-19 * "Sell shares of VHT"
  Assets:US:ETrade:VHT                                -13 VHT {66.14 USD, 2019-10-05} @ 74.97 USD
  Assets:US:ETrade:Cash                            965.66 USD                                     
  Expenses:Financial:Commissions                     8.95 USD                                     
  Income:US:ETrade:PnL                            -114.79 USD                                     

2020-05-25 * "Buy shares of VEA"
  Assets:US:ETrade:Cash                           -248.51 USD                          
  Assets:US:ETrade:VEA                                  1 VEA {239.56 USD, 2020-05-25}
  Expenses:Financial:Commissions                     8.95 USD                          

2020-05-25 * "Buy shares of VHT"
  Assets:US:ETrade:Cash                           -392.45 USD                         
  Assets:US:ETrade:VHT                                  5 VHT {76.70 USD, 2020-05-25}
  Expenses:Financial:Commissions                     8.95 USD                         

2020-05-25 * "Buy shares of ITOT"
  Assets:US:ETrade:Cash                           -360.80 USD                         
  Assets:US:ETrade:ITOT                                 5 ITOT {70.37 USD, 2020-05-25}
  Expenses:Financial:Commissions                     8.95 USD                         

2020-06-17 * "Dividends on portfolio"
  Assets:US:ETrade:Cash                             36.44 USD
  Income:US:ETrade:ITOT:Dividend                   -36.44 USD

2020-08-02 * "Sell shares of ITOT"
  Assets:US:ETrade:ITOT                               -26 ITOT {63.77 USD, 2019-12-07} @ 79.27 USD
  Assets:US:ETrade:Cash                           2052.07 USD                                     
  Expenses:Financial:Commissions                     8.95 USD                                     
  Income:US:ETrade:PnL                            -403.00 USD                                     

2020-08-03 * "Buy shares of VHT"
  Assets:US:ETrade:Cash                          -1083.27 USD                         
  Assets:US:ETrade:VHT                                 13 VHT {82.64 USD, 2020-08-03}
  Expenses:Financial:Commissions                     8.95 USD                         

2020-08-03 * "Buy shares of GLD"
  Assets:US:ETrade:Cash                          -1078.98 USD                         
  Assets:US:ETrade:GLD                                 13 GLD {82.31 USD, 2020-08-03}
  Expenses:Financial:Commissions                     8.95 USD                         

2020-08-22 * "Buy shares of VEA"
  Assets:US:ETrade:Cash                          -1424.05 USD                          
  Assets:US:ETrade:VEA                                  6 VEA {235.85 USD, 2020-08-22}
  Expenses:Financial:Commissions                     8.95 USD                          

2020-08-22 * "Buy shares of GLD"
  Assets:US:ETrade:Cash                          -1449.67 USD                         
  Assets:US:ETrade:GLD                                 18 GLD {80.04 USD, 2020-08-22}
  Expenses:Financial:Commissions                     8.95 USD                         

2020-09-17 * "Dividends on portfolio"
  Assets:US:ETrade:Cash                             56.44 USD
  Income:US:ETrade:ITOT:Dividend                   -56.44 USD

2020-10-11 * "Buy shares of GLD"
  Assets:US:ETrade:Cash                          -1383.07 USD                         
  Assets:US:ETrade:GLD                                 18 GLD {76.34 USD, 2020-10-11}
  Expenses:Financial:Commissions                     8.95 USD                         

2020-10-11 * "Buy shares of ITOT"
  Assets:US:ETrade:Cash                          -1364.89 USD                         
  Assets:US:ETrade:ITOT                                18 ITOT {75.33 USD, 2020-10-11}
  Expenses:Financial:Commissions                     8.95 USD                         

2020-10-11 * "Buy shares of VEA"
  Assets:US:ETrade:Cash                          -1362.85 USD                          
  Assets:US:ETrade:VEA                                  6 VEA {225.65 USD, 2020-10-11}
  Expenses:Financial:Commissions                     8.95 USD                          

2020-11-20 * "Buy shares of VEA"
  Assets:US:ETrade:Cash                          -1354.09 USD                          
  Assets:US:ETrade:VEA                                  6 VEA {224.19 USD, 2020-11-20}
  Expenses:Financial:Commissions                     8.95 USD                          

2020-11-20 * "Buy shares of GLD"
  Assets:US:ETrade:Cash                          -1425.27 USD                         
  Assets:US:ETrade:GLD                                 16 GLD {88.52 USD, 2020-11-20}
  Expenses:Financial:Commissions                     8.95 USD                         

2020-11-20 * "Buy shares of ITOT"
  Assets:US:ETrade:Cash                          -1497.79 USD                         
  Assets:US:ETrade:ITOT                                19 ITOT {78.36 USD, 2020-11-20}
  Expenses:Financial:Commissions                     8.95 USD                         

2020-12-17 * "Dividends on portfolio"
  Assets:US:ETrade:Cash                             89.78 USD
  Income:US:ETrade:GLD:Dividend                    -89.78 USD

2020-12-22 * "Buy shares of VEA"
  Assets:US:ETrade:Cash                          -1842.63 USD                          
  Assets:US:ETrade:VEA                                  8 VEA {229.21 USD, 2020-12-22}
  Expenses:Financial:Commissions                     8.95 USD                          

2020-12-22 * "Buy shares of ITOT"
  Assets:US:ETrade:Cash                          -1879.99 USD                         
  Assets:US:ETrade:ITOT                                24 ITOT {77.96 USD, 2020-12-22}
  Expenses:Financial:Commissions                     8.95 USD                         

2020-12-22 * "Buy shares of VHT"
  Assets:US:ETrade:Cash                          -1891.96 USD                         
  Assets:US:ETrade:VHT                                 23 VHT {81.87 USD, 2020-12-22}
  Expenses:Financial:Commissions                     8.95 USD                         



* Vanguard Investments

2019-01-01 open Assets:US:Vanguard:VBMPX                     VBMPX
  number: "882882"
2019-01-01 open Assets:US:Vanguard:RGAGX                     RGAGX
  number: "882882"
2019-01-01 open Assets:US:Vanguard                            USD
  address: "P.O. Box 1110, Valley Forge, PA 19482-1110"
  institution: "Vanguard Group"
  phone: "+1.800.523.1188"
2019-01-01 open Income:US:Hooli:Match401k                   USD
2019-01-01 open Assets:US:Vanguard:Cash                       USD
  number: "882882"

2019-01-04 * "Employer match for contribution"
  Assets:US:Vanguard:Cash                          600.00 USD
  Income:US:Hooli:Match401k                       -600.00 USD

2019-01-07 * "Investing 40% of cash in VBMPX"
  Assets:US:Vanguard:VBMPX                          3.623 VBMPX {132.48 USD, 2019-01-07}
  Assets:US:Vanguard:Cash                         -479.98 USD                            

2019-01-07 * "Investing 60% of cash in RGAGX"
  Assets:US:Vanguard:RGAGX                          9.851 RGAGX {73.09 USD, 2019-01-07}
  Assets:US:Vanguard:Cash                         -720.01 USD                           

2019-01-07 * "Investing 40% of cash in VBMPX"
  Assets:US:Vanguard:VBMPX                          1.812 VBMPX {132.48 USD, 2019-01-07}
  Assets:US:Vanguard:Cash                         -240.05 USD                            

2019-01-07 * "Investing 60% of cash in RGAGX"
  Assets:US:Vanguard:RGAGX                          4.926 RGAGX {73.09 USD, 2019-01-07}
  Assets:US:Vanguard:Cash                         -360.04 USD                           

2019-01-18 * "Employer match for contribution"
  Assets:US:Vanguard:Cash                          600.00 USD
  Income:US:Hooli:Match401k                       -600.00 USD

2019-01-21 * "Investing 40% of cash in VBMPX"
  Assets:US:Vanguard:VBMPX                          3.615 VBMPX {132.76 USD, 2019-01-21}
  Assets:US:Vanguard:Cash                         -479.93 USD                            

2019-01-21 * "Investing 60% of cash in RGAGX"
  Assets:US:Vanguard:RGAGX                          9.769 RGAGX {73.70 USD, 2019-01-21}
  Assets:US:Vanguard:Cash                         -719.98 USD                           

2019-01-21 * "Investing 40% of cash in VBMPX"
  Assets:US:Vanguard:VBMPX                          1.808 VBMPX {132.76 USD, 2019-01-21}
  Assets:US:Vanguard:Cash                         -240.03 USD                            

2019-01-21 * "Investing 60% of cash in RGAGX"
  Assets:US:Vanguard:RGAGX                          4.885 RGAGX {73.70 USD, 2019-01-21}
  Assets:US:Vanguard:Cash                         -360.02 USD                           

2019-02-01 * "Employer match for contribution"
  Assets:US:Vanguard:Cash                          600.00 USD
  Income:US:Hooli:Match401k                       -600.00 USD

2019-02-04 * "Investing 40% of cash in VBMPX"
  Assets:US:Vanguard:VBMPX                          3.586 VBMPX {133.86 USD, 2019-02-04}
  Assets:US:Vanguard:Cash                         -480.02 USD                            

2019-02-04 * "Investing 60% of cash in RGAGX"
  Assets:US:Vanguard:RGAGX                          9.838 RGAGX {73.18 USD, 2019-02-04}
  Assets:US:Vanguard:Cash                         -719.94 USD                           

2019-02-04 * "Investing 40% of cash in VBMPX"
  Assets:US:Vanguard:VBMPX                          1.793 VBMPX {133.86 USD, 2019-02-04}
  Assets:US:Vanguard:Cash                         -240.01 USD                            

2019-02-04 * "Investing 60% of cash in RGAGX"
  Assets:US:Vanguard:RGAGX                          4.919 RGAGX {73.18 USD, 2019-02-04}
  Assets:US:Vanguard:Cash                         -359.97 USD                           

2019-02-15 * "Employer match for contribution"
  Assets:US:Vanguard:Cash                          600.00 USD
  Income:US:Hooli:Match401k                       -600.00 USD

2019-02-18 * "Investing 40% of cash in VBMPX"
  Assets:US:Vanguard:VBMPX                          3.546 VBMPX {135.36 USD, 2019-02-18}
  Assets:US:Vanguard:Cash                         -479.99 USD                            

2019-02-18 * "Investing 60% of cash in RGAGX"
  Assets:US:Vanguard:RGAGX                          9.759 RGAGX {73.78 USD, 2019-02-18}
  Assets:US:Vanguard:Cash                         -720.02 USD                           

2019-02-18 * "Investing 40% of cash in VBMPX"
  Assets:US:Vanguard:VBMPX                          1.773 VBMPX {135.36 USD, 2019-02-18}
  Assets:US:Vanguard:Cash                         -239.99 USD                            

2019-02-18 * "Investing 60% of cash in RGAGX"
  Assets:US:Vanguard:RGAGX                          4.879 RGAGX {73.78 USD, 2019-02-18}
  Assets:US:Vanguard:Cash                         -359.97 USD                           

2019-03-01 * "Employer match for contribution"
  Assets:US:Vanguard:Cash                          600.00 USD
  Income:US:Hooli:Match401k                       -600.00 USD

2019-03-04 * "Investing 40% of cash in VBMPX"
  Assets:US:Vanguard:VBMPX                          3.543 VBMPX {135.50 USD, 2019-03-04}
  Assets:US:Vanguard:Cash                         -480.08 USD                            

2019-03-04 * "Investing 60% of cash in RGAGX"
  Assets:US:Vanguard:RGAGX                          9.617 RGAGX {74.87 USD, 2019-03-04}
  Assets:US:Vanguard:Cash                         -720.02 USD                           

2019-03-04 * "Investing 40% of cash in VBMPX"
  Assets:US:Vanguard:VBMPX                          1.771 VBMPX {135.50 USD, 2019-03-04}
  Assets:US:Vanguard:Cash                         -239.97 USD                            

2019-03-04 * "Investing 60% of cash in RGAGX"
  Assets:US:Vanguard:RGAGX                          4.808 RGAGX {74.87 USD, 2019-03-04}
  Assets:US:Vanguard:Cash                         -359.97 USD                           

2019-03-15 * "Employer match for contribution"
  Assets:US:Vanguard:Cash                          600.00 USD
  Income:US:Hooli:Match401k                       -600.00 USD

2019-03-18 * "Investing 40% of cash in VBMPX"
  Assets:US:Vanguard:VBMPX                          3.533 VBMPX {135.87 USD, 2019-03-18}
  Assets:US:Vanguard:Cash                         -480.03 USD                            

2019-03-18 * "Investing 60% of cash in RGAGX"
  Assets:US:Vanguard:RGAGX                          9.608 RGAGX {74.94 USD, 2019-03-18}
  Assets:US:Vanguard:Cash                         -720.02 USD                           

2019-03-18 * "Investing 40% of cash in VBMPX"
  Assets:US:Vanguard:VBMPX                          1.766 VBMPX {135.87 USD, 2019-03-18}
  Assets:US:Vanguard:Cash                         -239.95 USD                            

2019-03-18 * "Investing 60% of cash in RGAGX"
  Assets:US:Vanguard:RGAGX                          4.804 RGAGX {74.94 USD, 2019-03-18}
  Assets:US:Vanguard:Cash                         -360.01 USD                           

2019-03-29 * "Employer match for contribution"
  Assets:US:Vanguard:Cash                          600.00 USD
  Income:US:Hooli:Match401k                       -600.00 USD

2019-04-01 * "Investing 40% of cash in VBMPX"
  Assets:US:Vanguard:VBMPX                          3.487 VBMPX {137.67 USD, 2019-04-01}
  Assets:US:Vanguard:Cash                         -480.06 USD                            

2019-04-01 * "Investing 60% of cash in RGAGX"
  Assets:US:Vanguard:RGAGX                          9.553 RGAGX {75.37 USD, 2019-04-01}
  Assets:US:Vanguard:Cash                         -720.01 USD                           

2019-04-01 * "Investing 40% of cash in VBMPX"
  Assets:US:Vanguard:VBMPX                          1.743 VBMPX {137.67 USD, 2019-04-01}
  Assets:US:Vanguard:Cash                         -239.96 USD                            

2019-04-01 * "Investing 60% of cash in RGAGX"
  Assets:US:Vanguard:RGAGX                          4.776 RGAGX {75.37 USD, 2019-04-01}
  Assets:US:Vanguard:Cash                         -359.97 USD                           

2019-04-12 * "Employer match for contribution"
  Assets:US:Vanguard:Cash                          600.00 USD
  Income:US:Hooli:Match401k                       -600.00 USD

2019-04-15 * "Investing 40% of cash in VBMPX"
  Assets:US:Vanguard:VBMPX                          3.471 VBMPX {138.28 USD, 2019-04-15}
  Assets:US:Vanguard:Cash                         -479.97 USD                            

2019-04-15 * "Investing 60% of cash in RGAGX"
  Assets:US:Vanguard:RGAGX                          9.663 RGAGX {74.51 USD, 2019-04-15}
  Assets:US:Vanguard:Cash                         -719.99 USD                           

2019-04-15 * "Investing 40% of cash in VBMPX"
  Assets:US:Vanguard:VBMPX                          1.736 VBMPX {138.28 USD, 2019-04-15}
  Assets:US:Vanguard:Cash                         -240.05 USD                            

2019-04-15 * "Investing 60% of cash in RGAGX"
  Assets:US:Vanguard:RGAGX                          4.832 RGAGX {74.51 USD, 2019-04-15}
  Assets:US:Vanguard:Cash                         -360.03 USD                           

2019-04-26 * "Employer match for contribution"
  Assets:US:Vanguard:Cash                          600.00 USD
  Income:US:Hooli:Match401k                       -600.00 USD

2019-04-29 * "Investing 40% of cash in VBMPX"
  Assets:US:Vanguard:VBMPX                          3.478 VBMPX {138.02 USD, 2019-04-29}
  Assets:US:Vanguard:Cash                         -480.03 USD                            

2019-04-29 * "Investing 60% of cash in RGAGX"
  Assets:US:Vanguard:RGAGX                          9.704 RGAGX {74.19 USD, 2019-04-29}
  Assets:US:Vanguard:Cash                         -719.94 USD                           

2019-04-29 * "Investing 40% of cash in VBMPX"
  Assets:US:Vanguard:VBMPX                          1.739 VBMPX {138.02 USD, 2019-04-29}
  Assets:US:Vanguard:Cash                         -240.02 USD                            

2019-04-29 * "Investing 60% of cash in RGAGX"
  Assets:US:Vanguard:RGAGX                          4.852 RGAGX {74.19 USD, 2019-04-29}
  Assets:US:Vanguard:Cash                         -359.97 USD                           

2019-05-10 * "Employer match for contribution"
  Assets:US:Vanguard:Cash                          600.00 USD
  Income:US:Hooli:Match401k                       -600.00 USD

2019-05-13 * "Investing 40% of cash in VBMPX"
  Assets:US:Vanguard:VBMPX                          3.416 VBMPX {140.52 USD, 2019-05-13}
  Assets:US:Vanguard:Cash                         -480.02 USD                            

2019-05-13 * "Investing 60% of cash in RGAGX"
  Assets:US:Vanguard:RGAGX                          9.804 RGAGX {73.44 USD, 2019-05-13}
  Assets:US:Vanguard:Cash                         -720.01 USD                           

2019-05-13 * "Investing 40% of cash in VBMPX"
  Assets:US:Vanguard:VBMPX                          1.708 VBMPX {140.52 USD, 2019-05-13}
  Assets:US:Vanguard:Cash                         -240.01 USD                            

2019-05-13 * "Investing 60% of cash in RGAGX"
  Assets:US:Vanguard:RGAGX                          4.902 RGAGX {73.44 USD, 2019-05-13}
  Assets:US:Vanguard:Cash                         -360.00 USD                           

2019-05-24 * "Employer match for contribution"
  Assets:US:Vanguard:Cash                          600.00 USD
  Income:US:Hooli:Match401k                       -600.00 USD

2019-05-27 * "Investing 40% of cash in VBMPX"
  Assets:US:Vanguard:VBMPX                          3.426 VBMPX {140.11 USD, 2019-05-27}
  Assets:US:Vanguard:Cash                         -480.02 USD                            

2019-05-27 * "Investing 60% of cash in RGAGX"
  Assets:US:Vanguard:RGAGX                          9.812 RGAGX {73.38 USD, 2019-05-27}
  Assets:US:Vanguard:Cash                         -720.00 USD                           

2019-05-27 * "Investing 40% of cash in VBMPX"
  Assets:US:Vanguard:VBMPX                          1.713 VBMPX {140.11 USD, 2019-05-27}
  Assets:US:Vanguard:Cash                         -240.01 USD                            

2019-05-27 * "Investing 60% of cash in RGAGX"
  Assets:US:Vanguard:RGAGX                          4.905 RGAGX {73.38 USD, 2019-05-27}
  Assets:US:Vanguard:Cash                         -359.93 USD                           

2019-06-07 * "Employer match for contribution"
  Assets:US:Vanguard:Cash                          600.00 USD
  Income:US:Hooli:Match401k                       -600.00 USD

2019-06-10 * "Investing 40% of cash in VBMPX"
  Assets:US:Vanguard:VBMPX                          3.415 VBMPX {140.55 USD, 2019-06-10}
  Assets:US:Vanguard:Cash                         -479.98 USD                            

2019-06-10 * "Investing 60% of cash in RGAGX"
  Assets:US:Vanguard:RGAGX                          9.908 RGAGX {72.67 USD, 2019-06-10}
  Assets:US:Vanguard:Cash                         -720.01 USD                           

2019-06-10 * "Investing 40% of cash in VBMPX"
  Assets:US:Vanguard:VBMPX                          1.708 VBMPX {140.55 USD, 2019-06-10}
  Assets:US:Vanguard:Cash                         -240.06 USD                            

2019-06-10 * "Investing 60% of cash in RGAGX"
  Assets:US:Vanguard:RGAGX                          4.954 RGAGX {72.67 USD, 2019-06-10}
  Assets:US:Vanguard:Cash                         -360.01 USD                           

2019-06-21 * "Employer match for contribution"
  Assets:US:Vanguard:Cash                          600.00 USD
  Income:US:Hooli:Match401k                       -600.00 USD

2019-06-24 * "Investing 40% of cash in VBMPX"
  Assets:US:Vanguard:VBMPX                          3.365 VBMPX {142.65 USD, 2019-06-24}
  Assets:US:Vanguard:Cash                         -480.02 USD                            

2019-06-24 * "Investing 60% of cash in RGAGX"
  Assets:US:Vanguard:RGAGX                          9.506 RGAGX {75.74 USD, 2019-06-24}
  Assets:US:Vanguard:Cash                         -719.98 USD                           

2019-06-24 * "Investing 40% of cash in VBMPX"
  Assets:US:Vanguard:VBMPX                          1.682 VBMPX {142.65 USD, 2019-06-24}
  Assets:US:Vanguard:Cash                         -239.94 USD                            

2019-06-24 * "Investing 60% of cash in RGAGX"
  Assets:US:Vanguard:RGAGX                          4.753 RGAGX {75.74 USD, 2019-06-24}
  Assets:US:Vanguard:Cash                         -359.99 USD                           

2019-07-05 * "Employer match for contribution"
  Assets:US:Vanguard:Cash                          600.00 USD
  Income:US:Hooli:Match401k                       -600.00 USD

2019-07-08 * "Investing 40% of cash in VBMPX"
  Assets:US:Vanguard:VBMPX                          3.345 VBMPX {143.48 USD, 2019-07-08}
  Assets:US:Vanguard:Cash                         -479.94 USD                            

2019-07-08 * "Investing 60% of cash in RGAGX"
  Assets:US:Vanguard:RGAGX                          9.480 RGAGX {75.95 USD, 2019-07-08}
  Assets:US:Vanguard:Cash                         -720.01 USD                           

2019-07-08 * "Investing 40% of cash in VBMPX"
  Assets:US:Vanguard:VBMPX                          1.673 VBMPX {143.48 USD, 2019-07-08}
  Assets:US:Vanguard:Cash                         -240.04 USD                            

2019-07-08 * "Investing 60% of cash in RGAGX"
  Assets:US:Vanguard:RGAGX                          4.740 RGAGX {75.95 USD, 2019-07-08}
  Assets:US:Vanguard:Cash                         -360.00 USD                           

2019-07-19 * "Employer match for contribution"
  Assets:US:Vanguard:Cash                          600.00 USD
  Income:US:Hooli:Match401k                       -600.00 USD

2019-07-22 * "Investing 40% of cash in VBMPX"
  Assets:US:Vanguard:VBMPX                          3.310 VBMPX {145.01 USD, 2019-07-22}
  Assets:US:Vanguard:Cash                         -479.98 USD                            

2019-07-22 * "Investing 60% of cash in RGAGX"
  Assets:US:Vanguard:RGAGX                          9.422 RGAGX {76.42 USD, 2019-07-22}
  Assets:US:Vanguard:Cash                         -720.03 USD                           

2019-07-22 * "Investing 40% of cash in VBMPX"
  Assets:US:Vanguard:VBMPX                          1.655 VBMPX {145.01 USD, 2019-07-22}
  Assets:US:Vanguard:Cash                         -239.99 USD                            

2019-07-22 * "Investing 60% of cash in RGAGX"
  Assets:US:Vanguard:RGAGX                          4.711 RGAGX {76.42 USD, 2019-07-22}
  Assets:US:Vanguard:Cash                         -360.01 USD                           

2019-08-02 * "Employer match for contribution"
  Assets:US:Vanguard:Cash                          250.00 USD
  Income:US:Hooli:Match401k                       -250.00 USD

2019-08-05 * "Investing 40% of cash in VBMPX"
  Assets:US:Vanguard:VBMPX                          1.396 VBMPX {143.27 USD, 2019-08-05}
  Assets:US:Vanguard:Cash                         -200.00 USD                            

2019-08-05 * "Investing 60% of cash in RGAGX"
  Assets:US:Vanguard:RGAGX                          3.919 RGAGX {76.56 USD, 2019-08-05}
  Assets:US:Vanguard:Cash                         -300.04 USD                           

2019-08-05 * "Investing 40% of cash in VBMPX"
  Assets:US:Vanguard:VBMPX                          0.698 VBMPX {143.27 USD, 2019-08-05}
  Assets:US:Vanguard:Cash                         -100.00 USD                            

2019-08-05 * "Investing 60% of cash in RGAGX"
  Assets:US:Vanguard:RGAGX                          1.959 RGAGX {76.56 USD, 2019-08-05}
  Assets:US:Vanguard:Cash                         -149.98 USD                           

2020-01-03 * "Employer match for contribution"
  Assets:US:Vanguard:Cash                          600.00 USD
  Income:US:Hooli:Match401k                       -600.00 USD

2020-01-06 * "Investing 40% of cash in VBMPX"
  Assets:US:Vanguard:VBMPX                          3.379 VBMPX {142.06 USD, 2020-01-06}
  Assets:US:Vanguard:Cash                         -480.02 USD                            

2020-01-06 * "Investing 60% of cash in RGAGX"
  Assets:US:Vanguard:RGAGX                          8.760 RGAGX {82.19 USD, 2020-01-06}
  Assets:US:Vanguard:Cash                         -719.98 USD                           

2020-01-06 * "Investing 40% of cash in VBMPX"
  Assets:US:Vanguard:VBMPX                          1.689 VBMPX {142.06 USD, 2020-01-06}
  Assets:US:Vanguard:Cash                         -239.94 USD                            

2020-01-06 * "Investing 60% of cash in RGAGX"
  Assets:US:Vanguard:RGAGX                          4.380 RGAGX {82.19 USD, 2020-01-06}
  Assets:US:Vanguard:Cash                         -359.99 USD                           

2020-01-17 * "Employer match for contribution"
  Assets:US:Vanguard:Cash                          600.00 USD
  Income:US:Hooli:Match401k                       -600.00 USD

2020-01-20 * "Investing 40% of cash in VBMPX"
  Assets:US:Vanguard:VBMPX                          3.330 VBMPX {144.13 USD, 2020-01-20}
  Assets:US:Vanguard:Cash                         -479.95 USD                            

2020-01-20 * "Investing 60% of cash in RGAGX"
  Assets:US:Vanguard:RGAGX                          8.693 RGAGX {82.83 USD, 2020-01-20}
  Assets:US:Vanguard:Cash                         -720.04 USD                           

2020-01-20 * "Investing 40% of cash in VBMPX"
  Assets:US:Vanguard:VBMPX                          1.665 VBMPX {144.13 USD, 2020-01-20}
  Assets:US:Vanguard:Cash                         -239.98 USD                            

2020-01-20 * "Investing 60% of cash in RGAGX"
  Assets:US:Vanguard:RGAGX                          4.347 RGAGX {82.83 USD, 2020-01-20}
  Assets:US:Vanguard:Cash                         -360.06 USD                           

2020-01-31 * "Employer match for contribution"
  Assets:US:Vanguard:Cash                          600.00 USD
  Income:US:Hooli:Match401k                       -600.00 USD

2020-02-03 * "Investing 40% of cash in VBMPX"
  Assets:US:Vanguard:VBMPX                          3.348 VBMPX {143.37 USD, 2020-02-03}
  Assets:US:Vanguard:Cash                         -480.00 USD                            

2020-02-03 * "Investing 60% of cash in RGAGX"
  Assets:US:Vanguard:RGAGX                          8.790 RGAGX {81.91 USD, 2020-02-03}
  Assets:US:Vanguard:Cash                         -719.99 USD                           

2020-02-03 * "Investing 40% of cash in VBMPX"
  Assets:US:Vanguard:VBMPX                          1.674 VBMPX {143.37 USD, 2020-02-03}
  Assets:US:Vanguard:Cash                         -240.00 USD                            

2020-02-03 * "Investing 60% of cash in RGAGX"
  Assets:US:Vanguard:RGAGX                          4.395 RGAGX {81.91 USD, 2020-02-03}
  Assets:US:Vanguard:Cash                         -359.99 USD                           

2020-02-14 * "Employer match for contribution"
  Assets:US:Vanguard:Cash                          600.00 USD
  Income:US:Hooli:Match401k                       -600.00 USD

2020-02-17 * "Investing 40% of cash in VBMPX"
  Assets:US:Vanguard:VBMPX                          3.304 VBMPX {145.30 USD, 2020-02-17}
  Assets:US:Vanguard:Cash                         -480.07 USD                            

2020-02-17 * "Investing 60% of cash in RGAGX"
  Assets:US:Vanguard:RGAGX                          8.767 RGAGX {82.13 USD, 2020-02-17}
  Assets:US:Vanguard:Cash                         -720.03 USD                           

2020-02-17 * "Investing 40% of cash in VBMPX"
  Assets:US:Vanguard:VBMPX                          1.652 VBMPX {145.30 USD, 2020-02-17}
  Assets:US:Vanguard:Cash                         -240.04 USD                            

2020-02-17 * "Investing 60% of cash in RGAGX"
  Assets:US:Vanguard:RGAGX                          4.383 RGAGX {82.13 USD, 2020-02-17}
  Assets:US:Vanguard:Cash                         -359.98 USD                           

2020-02-28 * "Employer match for contribution"
  Assets:US:Vanguard:Cash                          600.00 USD
  Income:US:Hooli:Match401k                       -600.00 USD

2020-03-02 * "Investing 40% of cash in VBMPX"
  Assets:US:Vanguard:VBMPX                          3.304 VBMPX {145.27 USD, 2020-03-02}
  Assets:US:Vanguard:Cash                         -479.97 USD                            

2020-03-02 * "Investing 60% of cash in RGAGX"
  Assets:US:Vanguard:RGAGX                          8.650 RGAGX {83.23 USD, 2020-03-02}
  Assets:US:Vanguard:Cash                         -719.94 USD                           

2020-03-02 * "Investing 40% of cash in VBMPX"
  Assets:US:Vanguard:VBMPX                          1.652 VBMPX {145.27 USD, 2020-03-02}
  Assets:US:Vanguard:Cash                         -239.99 USD                            

2020-03-02 * "Investing 60% of cash in RGAGX"
  Assets:US:Vanguard:RGAGX                          4.326 RGAGX {83.23 USD, 2020-03-02}
  Assets:US:Vanguard:Cash                         -360.05 USD                           

2020-03-13 * "Employer match for contribution"
  Assets:US:Vanguard:Cash                          600.00 USD
  Income:US:Hooli:Match401k                       -600.00 USD

2020-03-16 * "Investing 40% of cash in VBMPX"
  Assets:US:Vanguard:VBMPX                          3.273 VBMPX {146.63 USD, 2020-03-16}
  Assets:US:Vanguard:Cash                         -479.92 USD                            

2020-03-16 * "Investing 60% of cash in RGAGX"
  Assets:US:Vanguard:RGAGX                          8.690 RGAGX {82.85 USD, 2020-03-16}
  Assets:US:Vanguard:Cash                         -719.97 USD                           

2020-03-16 * "Investing 40% of cash in VBMPX"
  Assets:US:Vanguard:VBMPX                          1.637 VBMPX {146.63 USD, 2020-03-16}
  Assets:US:Vanguard:Cash                         -240.03 USD                            

2020-03-16 * "Investing 60% of cash in RGAGX"
  Assets:US:Vanguard:RGAGX                          4.346 RGAGX {82.85 USD, 2020-03-16}
  Assets:US:Vanguard:Cash                         -360.07 USD                           

2020-03-27 * "Employer match for contribution"
  Assets:US:Vanguard:Cash                          600.00 USD
  Income:US:Hooli:Match401k                       -600.00 USD

2020-03-30 * "Investing 40% of cash in VBMPX"
  Assets:US:Vanguard:VBMPX                          3.233 VBMPX {148.45 USD, 2020-03-30}
  Assets:US:Vanguard:Cash                         -479.94 USD                            

2020-03-30 * "Investing 60% of cash in RGAGX"
  Assets:US:Vanguard:RGAGX                          8.762 RGAGX {82.17 USD, 2020-03-30}
  Assets:US:Vanguard:Cash                         -719.97 USD                           

2020-03-30 * "Investing 40% of cash in VBMPX"
  Assets:US:Vanguard:VBMPX                          1.617 VBMPX {148.45 USD, 2020-03-30}
  Assets:US:Vanguard:Cash                         -240.04 USD                            

2020-03-30 * "Investing 60% of cash in RGAGX"
  Assets:US:Vanguard:RGAGX                          4.382 RGAGX {82.17 USD, 2020-03-30}
  Assets:US:Vanguard:Cash                         -360.07 USD                           

2020-04-10 * "Employer match for contribution"
  Assets:US:Vanguard:Cash                          600.00 USD
  Income:US:Hooli:Match401k                       -600.00 USD

2020-04-13 * "Investing 40% of cash in VBMPX"
  Assets:US:Vanguard:VBMPX                          3.227 VBMPX {148.74 USD, 2020-04-13}
  Assets:US:Vanguard:Cash                         -479.98 USD                            

2020-04-13 * "Investing 60% of cash in RGAGX"
  Assets:US:Vanguard:RGAGX                          8.623 RGAGX {83.50 USD, 2020-04-13}
  Assets:US:Vanguard:Cash                         -720.02 USD                           

2020-04-13 * "Investing 40% of cash in VBMPX"
  Assets:US:Vanguard:VBMPX                          1.613 VBMPX {148.74 USD, 2020-04-13}
  Assets:US:Vanguard:Cash                         -239.92 USD                            

2020-04-13 * "Investing 60% of cash in RGAGX"
  Assets:US:Vanguard:RGAGX                          4.311 RGAGX {83.50 USD, 2020-04-13}
  Assets:US:Vanguard:Cash                         -359.97 USD                           

2020-04-24 * "Employer match for contribution"
  Assets:US:Vanguard:Cash                          600.00 USD
  Income:US:Hooli:Match401k                       -600.00 USD

2020-04-27 * "Investing 40% of cash in VBMPX"
  Assets:US:Vanguard:VBMPX                          3.206 VBMPX {149.73 USD, 2020-04-27}
  Assets:US:Vanguard:Cash                         -480.03 USD                            

2020-04-27 * "Investing 60% of cash in RGAGX"
  Assets:US:Vanguard:RGAGX                          8.578 RGAGX {83.94 USD, 2020-04-27}
  Assets:US:Vanguard:Cash                         -720.04 USD                           

2020-04-27 * "Investing 40% of cash in VBMPX"
  Assets:US:Vanguard:VBMPX                          1.603 VBMPX {149.73 USD, 2020-04-27}
  Assets:US:Vanguard:Cash                         -240.02 USD                            

2020-04-27 * "Investing 60% of cash in RGAGX"
  Assets:US:Vanguard:RGAGX                          4.289 RGAGX {83.94 USD, 2020-04-27}
  Assets:US:Vanguard:Cash                         -360.02 USD                           

2020-05-08 * "Employer match for contribution"
  Assets:US:Vanguard:Cash                          600.00 USD
  Income:US:Hooli:Match401k                       -600.00 USD

2020-05-11 * "Investing 40% of cash in VBMPX"
  Assets:US:Vanguard:VBMPX                          3.178 VBMPX {151.03 USD, 2020-05-11}
  Assets:US:Vanguard:Cash                         -479.97 USD                            

2020-05-11 * "Investing 60% of cash in RGAGX"
  Assets:US:Vanguard:RGAGX                          8.649 RGAGX {83.24 USD, 2020-05-11}
  Assets:US:Vanguard:Cash                         -719.94 USD                           

2020-05-11 * "Investing 40% of cash in VBMPX"
  Assets:US:Vanguard:VBMPX                          1.589 VBMPX {151.03 USD, 2020-05-11}
  Assets:US:Vanguard:Cash                         -239.99 USD                            

2020-05-11 * "Investing 60% of cash in RGAGX"
  Assets:US:Vanguard:RGAGX                          4.325 RGAGX {83.24 USD, 2020-05-11}
  Assets:US:Vanguard:Cash                         -360.01 USD                           

2020-05-22 * "Employer match for contribution"
  Assets:US:Vanguard:Cash                          600.00 USD
  Income:US:Hooli:Match401k                       -600.00 USD

2020-05-25 * "Investing 40% of cash in VBMPX"
  Assets:US:Vanguard:VBMPX                          3.191 VBMPX {150.43 USD, 2020-05-25}
  Assets:US:Vanguard:Cash                         -480.02 USD                            

2020-05-25 * "Investing 60% of cash in RGAGX"
  Assets:US:Vanguard:RGAGX                          8.556 RGAGX {84.16 USD, 2020-05-25}
  Assets:US:Vanguard:Cash                         -720.07 USD                           

2020-05-25 * "Investing 40% of cash in VBMPX"
  Assets:US:Vanguard:VBMPX                          1.595 VBMPX {150.43 USD, 2020-05-25}
  Assets:US:Vanguard:Cash                         -239.94 USD                            

2020-05-25 * "Investing 60% of cash in RGAGX"
  Assets:US:Vanguard:RGAGX                          4.277 RGAGX {84.16 USD, 2020-05-25}
  Assets:US:Vanguard:Cash                         -359.95 USD                           

2020-06-05 * "Employer match for contribution"
  Assets:US:Vanguard:Cash                          600.00 USD
  Income:US:Hooli:Match401k                       -600.00 USD

2020-06-08 * "Investing 40% of cash in VBMPX"
  Assets:US:Vanguard:VBMPX                          3.172 VBMPX {151.32 USD, 2020-06-08}
  Assets:US:Vanguard:Cash                         -479.99 USD                            

2020-06-08 * "Investing 60% of cash in RGAGX"
  Assets:US:Vanguard:RGAGX                          8.415 RGAGX {85.57 USD, 2020-06-08}
  Assets:US:Vanguard:Cash                         -720.07 USD                           

2020-06-08 * "Investing 40% of cash in VBMPX"
  Assets:US:Vanguard:VBMPX                          1.586 VBMPX {151.32 USD, 2020-06-08}
  Assets:US:Vanguard:Cash                         -239.99 USD                            

2020-06-08 * "Investing 60% of cash in RGAGX"
  Assets:US:Vanguard:RGAGX                          4.207 RGAGX {85.57 USD, 2020-06-08}
  Assets:US:Vanguard:Cash                         -359.99 USD                           

2020-06-19 * "Employer match for contribution"
  Assets:US:Vanguard:Cash                          600.00 USD
  Income:US:Hooli:Match401k                       -600.00 USD

2020-06-22 * "Investing 40% of cash in VBMPX"
  Assets:US:Vanguard:VBMPX                          3.133 VBMPX {153.21 USD, 2020-06-22}
  Assets:US:Vanguard:Cash                         -480.01 USD                            

2020-06-22 * "Investing 60% of cash in RGAGX"
  Assets:US:Vanguard:RGAGX                          8.273 RGAGX {87.03 USD, 2020-06-22}
  Assets:US:Vanguard:Cash                         -720.00 USD                           

2020-06-22 * "Investing 40% of cash in VBMPX"
  Assets:US:Vanguard:VBMPX                          1.567 VBMPX {153.21 USD, 2020-06-22}
  Assets:US:Vanguard:Cash                         -240.08 USD                            

2020-06-22 * "Investing 60% of cash in RGAGX"
  Assets:US:Vanguard:RGAGX                          4.137 RGAGX {87.03 USD, 2020-06-22}
  Assets:US:Vanguard:Cash                         -360.04 USD                           

2020-07-03 * "Employer match for contribution"
  Assets:US:Vanguard:Cash                          600.00 USD
  Income:US:Hooli:Match401k                       -600.00 USD

2020-07-06 * "Investing 40% of cash in VBMPX"
  Assets:US:Vanguard:VBMPX                          3.152 VBMPX {152.26 USD, 2020-07-06}
  Assets:US:Vanguard:Cash                         -479.92 USD                            

2020-07-06 * "Investing 60% of cash in RGAGX"
  Assets:US:Vanguard:RGAGX                          8.107 RGAGX {88.80 USD, 2020-07-06}
  Assets:US:Vanguard:Cash                         -719.90 USD                           

2020-07-06 * "Investing 40% of cash in VBMPX"
  Assets:US:Vanguard:VBMPX                          1.576 VBMPX {152.26 USD, 2020-07-06}
  Assets:US:Vanguard:Cash                         -239.96 USD                            

2020-07-06 * "Investing 60% of cash in RGAGX"
  Assets:US:Vanguard:RGAGX                          4.055 RGAGX {88.80 USD, 2020-07-06}
  Assets:US:Vanguard:Cash                         -360.08 USD                           

2020-07-17 * "Employer match for contribution"
  Assets:US:Vanguard:Cash                          600.00 USD
  Income:US:Hooli:Match401k                       -600.00 USD

2020-07-20 * "Investing 40% of cash in VBMPX"
  Assets:US:Vanguard:VBMPX                          3.109 VBMPX {154.39 USD, 2020-07-20}
  Assets:US:Vanguard:Cash                         -480.00 USD                            

2020-07-20 * "Investing 60% of cash in RGAGX"
  Assets:US:Vanguard:RGAGX                          8.024 RGAGX {89.74 USD, 2020-07-20}
  Assets:US:Vanguard:Cash                         -720.07 USD                           

2020-07-20 * "Investing 40% of cash in VBMPX"
  Assets:US:Vanguard:VBMPX                          1.554 VBMPX {154.39 USD, 2020-07-20}
  Assets:US:Vanguard:Cash                         -239.92 USD                            

2020-07-20 * "Investing 60% of cash in RGAGX"
  Assets:US:Vanguard:RGAGX                          4.011 RGAGX {89.74 USD, 2020-07-20}
  Assets:US:Vanguard:Cash                         -359.95 USD                           

2020-07-31 * "Employer match for contribution"
  Assets:US:Vanguard:Cash                          250.00 USD
  Income:US:Hooli:Match401k                       -250.00 USD

2020-08-03 * "Investing 40% of cash in VBMPX"
  Assets:US:Vanguard:VBMPX                          1.284 VBMPX {155.82 USD, 2020-08-03}
  Assets:US:Vanguard:Cash                         -200.07 USD                            

2020-08-03 * "Investing 60% of cash in RGAGX"
  Assets:US:Vanguard:RGAGX                          3.373 RGAGX {88.97 USD, 2020-08-03}
  Assets:US:Vanguard:Cash                         -300.10 USD                           

2020-08-03 * "Investing 40% of cash in VBMPX"
  Assets:US:Vanguard:VBMPX                          0.642 VBMPX {155.82 USD, 2020-08-03}
  Assets:US:Vanguard:Cash                         -100.04 USD                            

2020-08-03 * "Investing 60% of cash in RGAGX"
  Assets:US:Vanguard:RGAGX                          1.686 RGAGX {88.97 USD, 2020-08-03}
  Assets:US:Vanguard:Cash                         -150.00 USD                           



* Sources of Income

2019-01-01 open Income:US:Hooli:Salary                      USD
2019-01-01 open Income:US:Hooli:GroupTermLife               USD
2019-01-01 open Income:US:Hooli:Vacation                    VACHR
2019-01-01 open Assets:US:Hooli:Vacation                    VACHR
2019-01-01 open Expenses:Vacation                               VACHR
2019-01-01 open Expenses:Health:Life:GroupTermLife
2019-01-01 open Expenses:Health:Medical:Insurance
2019-01-01 open Expenses:Health:Dental:Insurance
2019-01-01 open Expenses:Health:Vision:Insurance

2019-01-01 event "employer" "Hooli, 1 Carloston Rd, Mountain Beer, CA"

2019-01-03 * "Hooli" "Payroll"
  Assets:US:BofA:Checking                         1350.60 USD   
  Assets:US:Vanguard:Cash                         1200.00 USD   
  Income:US:Hooli:Salary                         -4615.38 USD   
  Income:US:Hooli:GroupTermLife                    -24.32 USD   
  Expenses:Health:Life:GroupTermLife                24.32 USD   
  Expenses:Health:Dental:Insurance                   2.90 USD   
  Expenses:Health:Medical:Insurance                 27.38 USD   
  Expenses:Health:Vision:Insurance                  42.30 USD   
  Expenses:Taxes:Y2019:US:Medicare                 106.62 USD   
  Expenses:Taxes:Y2019:US:Federal                 1062.92 USD   
  Expenses:Taxes:Y2019:US:State                    365.08 USD   
  Expenses:Taxes:Y2019:US:CityNYC                  174.92 USD   
  Expenses:Taxes:Y2019:US:SDI                        1.12 USD   
  Expenses:Taxes:Y2019:US:SocSec                   281.54 USD   
  Assets:US:Federal:PreTax401k                   -1200.00 IRAUSD
  Expenses:Taxes:Y2019:US:Federal:PreTax401k      1200.00 IRAUSD
  Assets:US:Hooli:Vacation                              5 VACHR 
  Income:US:Hooli:Vacation                             -5 VACHR 

2019-01-17 * "Hooli" "Payroll"
  Assets:US:BofA:Checking                         1350.60 USD   
  Assets:US:Vanguard:Cash                         1200.00 USD   
  Income:US:Hooli:Salary                         -4615.38 USD   
  Income:US:Hooli:GroupTermLife                    -24.32 USD   
  Expenses:Health:Life:GroupTermLife                24.32 USD   
  Expenses:Health:Dental:Insurance                   2.90 USD   
  Expenses:Health:Medical:Insurance                 27.38 USD   
  Expenses:Health:Vision:Insurance                  42.30 USD   
  Expenses:Taxes:Y2019:US:Medicare                 106.62 USD   
  Expenses:Taxes:Y2019:US:Federal                 1062.92 USD   
  Expenses:Taxes:Y2019:US:State                    365.08 USD   
  Expenses:Taxes:Y2019:US:CityNYC                  174.92 USD   
  Expenses:Taxes:Y2019:US:SDI                        1.12 USD   
  Expenses:Taxes:Y2019:US:SocSec                   281.54 USD   
  Assets:US:Federal:PreTax401k                   -1200.00 IRAUSD
  Expenses:Taxes:Y2019:US:Federal:PreTax401k      1200.00 IRAUSD
  Assets:US:Hooli:Vacation                              5 VACHR 
  Income:US:Hooli:Vacation                             -5 VACHR 

2019-01-31 * "Hooli" "Payroll"
  Assets:US:BofA:Checking                         1350.60 USD   
  Assets:US:Vanguard:Cash                         1200.00 USD   
  Income:US:Hooli:Salary                         -4615.38 USD   
  Income:US:Hooli:GroupTermLife                    -24.32 USD   
  Expenses:Health:Life:GroupTermLife                24.32 USD   
  Expenses:Health:Dental:Insurance                   2.90 USD   
  Expenses:Health:Medical:Insurance                 27.38 USD   
  Expenses:Health:Vision:Insurance                  42.30 USD   
  Expenses:Taxes:Y2019:US:Medicare                 106.62 USD   
  Expenses:Taxes:Y2019:US:Federal                 1062.92 USD   
  Expenses:Taxes:Y2019:US:State                    365.08 USD   
  Expenses:Taxes:Y2019:US:CityNYC                  174.92 USD   
  Expenses:Taxes:Y2019:US:SDI                        1.12 USD   
  Expenses:Taxes:Y2019:US:SocSec                   281.54 USD   
  Assets:US:Federal:PreTax401k                   -1200.00 IRAUSD
  Expenses:Taxes:Y2019:US:Federal:PreTax401k      1200.00 IRAUSD
  Assets:US:Hooli:Vacation                              5 VACHR 
  Income:US:Hooli:Vacation                             -5 VACHR 

2019-02-14 * "Hooli" "Payroll"
  Assets:US:BofA:Checking                         1350.60 USD   
  Assets:US:Vanguard:Cash                         1200.00 USD   
  Income:US:Hooli:Salary                         -4615.38 USD   
  Income:US:Hooli:GroupTermLife                    -24.32 USD   
  Expenses:Health:Life:GroupTermLife                24.32 USD   
  Expenses:Health:Dental:Insurance                   2.90 USD   
  Expenses:Health:Medical:Insurance                 27.38 USD   
  Expenses:Health:Vision:Insurance                  42.30 USD   
  Expenses:Taxes:Y2019:US:Medicare                 106.62 USD   
  Expenses:Taxes:Y2019:US:Federal                 1062.92 USD   
  Expenses:Taxes:Y2019:US:State                    365.08 USD   
  Expenses:Taxes:Y2019:US:CityNYC                  174.92 USD   
  Expenses:Taxes:Y2019:US:SDI                        1.12 USD   
  Expenses:Taxes:Y2019:US:SocSec                   281.54 USD   
  Assets:US:Federal:PreTax401k                   -1200.00 IRAUSD
  Expenses:Taxes:Y2019:US:Federal:PreTax401k      1200.00 IRAUSD
  Assets:US:Hooli:Vacation                              5 VACHR 
  Income:US:Hooli:Vacation                             -5 VACHR 

2019-02-28 * "Hooli" "Payroll"
  Assets:US:BofA:Checking                         1350.60 USD   
  Assets:US:Vanguard:Cash                         1200.00 USD   
  Income:US:Hooli:Salary                         -4615.38 USD   
  Income:US:Hooli:GroupTermLife                    -24.32 USD   
  Expenses:Health:Life:GroupTermLife                24.32 USD   
  Expenses:Health:Dental:Insurance                   2.90 USD   
  Expenses:Health:Medical:Insurance                 27.38 USD   
  Expenses:Health:Vision:Insurance                  42.30 USD   
  Expenses:Taxes:Y2019:US:Medicare                 106.62 USD   
  Expenses:Taxes:Y2019:US:Federal                 1062.92 USD   
  Expenses:Taxes:Y2019:US:State                    365.08 USD   
  Expenses:Taxes:Y2019:US:CityNYC                  174.92 USD   
  Expenses:Taxes:Y2019:US:SDI                        1.12 USD   
  Expenses:Taxes:Y2019:US:SocSec                   281.54 USD   
  Assets:US:Federal:PreTax401k                   -1200.00 IRAUSD
  Expenses:Taxes:Y2019:US:Federal:PreTax401k      1200.00 IRAUSD
  Assets:US:Hooli:Vacation                              5 VACHR 
  Income:US:Hooli:Vacation                             -5 VACHR 

2019-03-14 * "Hooli" "Payroll"
  Assets:US:BofA:Checking                         1350.60 USD   
  Assets:US:Vanguard:Cash                         1200.00 USD   
  Income:US:Hooli:Salary                         -4615.38 USD   
  Income:US:Hooli:GroupTermLife                    -24.32 USD   
  Expenses:Health:Life:GroupTermLife                24.32 USD   
  Expenses:Health:Dental:Insurance                   2.90 USD   
  Expenses:Health:Medical:Insurance                 27.38 USD   
  Expenses:Health:Vision:Insurance                  42.30 USD   
  Expenses:Taxes:Y2019:US:Medicare                 106.62 USD   
  Expenses:Taxes:Y2019:US:Federal                 1062.92 USD   
  Expenses:Taxes:Y2019:US:State                    365.08 USD   
  Expenses:Taxes:Y2019:US:CityNYC                  174.92 USD   
  Expenses:Taxes:Y2019:US:SDI                        1.12 USD   
  Expenses:Taxes:Y2019:US:SocSec                   281.54 USD   
  Assets:US:Federal:PreTax401k                   -1200.00 IRAUSD
  Expenses:Taxes:Y2019:US:Federal:PreTax401k      1200.00 IRAUSD
  Assets:US:Hooli:Vacation                              5 VACHR 
  Income:US:Hooli:Vacation                             -5 VACHR 

2019-03-28 * "Hooli" "Payroll"
  Assets:US:BofA:Checking                         1350.60 USD   
  Assets:US:Vanguard:Cash                         1200.00 USD   
  Income:US:Hooli:Salary                         -4615.38 USD   
  Income:US:Hooli:GroupTermLife                    -24.32 USD   
  Expenses:Health:Life:GroupTermLife                24.32 USD   
  Expenses:Health:Dental:Insurance                   2.90 USD   
  Expenses:Health:Medical:Insurance                 27.38 USD   
  Expenses:Health:Vision:Insurance                  42.30 USD   
  Expenses:Taxes:Y2019:US:Medicare                 106.62 USD   
  Expenses:Taxes:Y2019:US:Federal                 1062.92 USD   
  Expenses:Taxes:Y2019:US:State                    365.08 USD   
  Expenses:Taxes:Y2019:US:CityNYC                  174.92 USD   
  Expenses:Taxes:Y2019:US:SDI                        1.12 USD   
  Expenses:Taxes:Y2019:US:SocSec                   281.54 USD   
  Assets:US:Federal:PreTax401k                   -1200.00 IRAUSD
  Expenses:Taxes:Y2019:US:Federal:PreTax401k      1200.00 IRAUSD
  Assets:US:Hooli:Vacation                              5 VACHR 
  Income:US:Hooli:Vacation                             -5 VACHR 

2019-04-11 * "Hooli" "Payroll"
  Assets:US:BofA:Checking                         1350.60 USD   
  Assets:US:Vanguard:Cash                         1200.00 USD   
  Income:US:Hooli:Salary                         -4615.38 USD   
  Income:US:Hooli:GroupTermLife                    -24.32 USD   
  Expenses:Health:Life:GroupTermLife                24.32 USD   
  Expenses:Health:Dental:Insurance                   2.90 USD   
  Expenses:Health:Medical:Insurance                 27.38 USD   
  Expenses:Health:Vision:Insurance                  42.30 USD   
  Expenses:Taxes:Y2019:US:Medicare                 106.62 USD   
  Expenses:Taxes:Y2019:US:Federal                 1062.92 USD   
  Expenses:Taxes:Y2019:US:State                    365.08 USD   
  Expenses:Taxes:Y2019:US:CityNYC                  174.92 USD   
  Expenses:Taxes:Y2019:US:SDI                        1.12 USD   
  Expenses:Taxes:Y2019:US:SocSec                   281.54 USD   
  Assets:US:Federal:PreTax401k                   -1200.00 IRAUSD
  Expenses:Taxes:Y2019:US:Federal:PreTax401k      1200.00 IRAUSD
  Assets:US:Hooli:Vacation                              5 VACHR 
  Income:US:Hooli:Vacation                             -5 VACHR 

2019-04-25 * "Hooli" "Payroll"
  Assets:US:BofA:Checking                         1350.60 USD   
  Assets:US:Vanguard:Cash                         1200.00 USD   
  Income:US:Hooli:Salary                         -4615.38 USD   
  Income:US:Hooli:GroupTermLife                    -24.32 USD   
  Expenses:Health:Life:GroupTermLife                24.32 USD   
  Expenses:Health:Dental:Insurance                   2.90 USD   
  Expenses:Health:Medical:Insurance                 27.38 USD   
  Expenses:Health:Vision:Insurance                  42.30 USD   
  Expenses:Taxes:Y2019:US:Medicare                 106.62 USD   
  Expenses:Taxes:Y2019:US:Federal                 1062.92 USD   
  Expenses:Taxes:Y2019:US:State                    365.08 USD   
  Expenses:Taxes:Y2019:US:CityNYC                  174.92 USD   
  Expenses:Taxes:Y2019:US:SDI                        1.12 USD   
  Expenses:Taxes:Y2019:US:SocSec                   281.54 USD   
  Assets:US:Federal:PreTax401k                   -1200.00 IRAUSD
  Expenses:Taxes:Y2019:US:Federal:PreTax401k      1200.00 IRAUSD
  Assets:US:Hooli:Vacation                              5 VACHR 
  Income:US:Hooli:Vacation                             -5 VACHR 

2019-05-09 * "Hooli" "Payroll"
  Assets:US:BofA:Checking                         1350.60 USD   
  Assets:US:Vanguard:Cash                         1200.00 USD   
  Income:US:Hooli:Salary                         -4615.38 USD   
  Income:US:Hooli:GroupTermLife                    -24.32 USD   
  Expenses:Health:Life:GroupTermLife                24.32 USD   
  Expenses:Health:Dental:Insurance                   2.90 USD   
  Expenses:Health:Medical:Insurance                 27.38 USD   
  Expenses:Health:Vision:Insurance                  42.30 USD   
  Expenses:Taxes:Y2019:US:Medicare                 106.62 USD   
  Expenses:Taxes:Y2019:US:Federal                 1062.92 USD   
  Expenses:Taxes:Y2019:US:State                    365.08 USD   
  Expenses:Taxes:Y2019:US:CityNYC                  174.92 USD   
  Expenses:Taxes:Y2019:US:SDI                        1.12 USD   
  Expenses:Taxes:Y2019:US:SocSec                   281.54 USD   
  Assets:US:Federal:PreTax401k                   -1200.00 IRAUSD
  Expenses:Taxes:Y2019:US:Federal:PreTax401k      1200.00 IRAUSD
  Assets:US:Hooli:Vacation                              5 VACHR 
  Income:US:Hooli:Vacation                             -5 VACHR 

2019-05-23 * "Hooli" "Payroll"
  Assets:US:BofA:Checking                         1350.60 USD   
  Assets:US:Vanguard:Cash                         1200.00 USD   
  Income:US:Hooli:Salary                         -4615.38 USD   
  Income:US:Hooli:GroupTermLife                    -24.32 USD   
  Expenses:Health:Life:GroupTermLife                24.32 USD   
  Expenses:Health:Dental:Insurance                   2.90 USD   
  Expenses:Health:Medical:Insurance                 27.38 USD   
  Expenses:Health:Vision:Insurance                  42.30 USD   
  Expenses:Taxes:Y2019:US:Medicare                 106.62 USD   
  Expenses:Taxes:Y2019:US:Federal                 1062.92 USD   
  Expenses:Taxes:Y2019:US:State                    365.08 USD   
  Expenses:Taxes:Y2019:US:CityNYC                  174.92 USD   
  Expenses:Taxes:Y2019:US:SDI                        1.12 USD   
  Expenses:Taxes:Y2019:US:SocSec                   281.54 USD   
  Assets:US:Federal:PreTax401k                   -1200.00 IRAUSD
  Expenses:Taxes:Y2019:US:Federal:PreTax401k      1200.00 IRAUSD
  Assets:US:Hooli:Vacation                              5 VACHR 
  Income:US:Hooli:Vacation                             -5 VACHR 

2019-06-06 * "Hooli" "Payroll"
  Assets:US:BofA:Checking                         1350.60 USD   
  Assets:US:Vanguard:Cash                         1200.00 USD   
  Income:US:Hooli:Salary                         -4615.38 USD   
  Income:US:Hooli:GroupTermLife                    -24.32 USD   
  Expenses:Health:Life:GroupTermLife                24.32 USD   
  Expenses:Health:Dental:Insurance                   2.90 USD   
  Expenses:Health:Medical:Insurance                 27.38 USD   
  Expenses:Health:Vision:Insurance                  42.30 USD   
  Expenses:Taxes:Y2019:US:Medicare                 106.62 USD   
  Expenses:Taxes:Y2019:US:Federal                 1062.92 USD   
  Expenses:Taxes:Y2019:US:State                    365.08 USD   
  Expenses:Taxes:Y2019:US:CityNYC                  174.92 USD   
  Expenses:Taxes:Y2019:US:SDI                        1.12 USD   
  Expenses:Taxes:Y2019:US:SocSec                   281.54 USD   
  Assets:US:Federal:PreTax401k                   -1200.00 IRAUSD
  Expenses:Taxes:Y2019:US:Federal:PreTax401k      1200.00 IRAUSD
  Assets:US:Hooli:Vacation                              5 VACHR 
  Income:US:Hooli:Vacation                             -5 VACHR 

2019-06-20 * "Hooli" "Payroll"
  Assets:US:BofA:Checking                         1350.60 USD   
  Assets:US:Vanguard:Cash                         1200.00 USD   
  Income:US:Hooli:Salary                         -4615.38 USD   
  Income:US:Hooli:GroupTermLife                    -24.32 USD   
  Expenses:Health:Life:GroupTermLife                24.32 USD   
  Expenses:Health:Dental:Insurance                   2.90 USD   
  Expenses:Health:Medical:Insurance                 27.38 USD   
  Expenses:Health:Vision:Insurance                  42.30 USD   
  Expenses:Taxes:Y2019:US:Medicare                 106.62 USD   
  Expenses:Taxes:Y2019:US:Federal                 1062.92 USD   
  Expenses:Taxes:Y2019:US:State                    365.08 USD   
  Expenses:Taxes:Y2019:US:CityNYC                  174.92 USD   
  Expenses:Taxes:Y2019:US:SDI                        1.12 USD   
  Expenses:Taxes:Y2019:US:SocSec                   281.54 USD   
  Assets:US:Federal:PreTax401k                   -1200.00 IRAUSD
  Expenses:Taxes:Y2019:US:Federal:PreTax401k      1200.00 IRAUSD
  Assets:US:Hooli:Vacation                              5 VACHR 
  Income:US:Hooli:Vacation                             -5 VACHR 

2019-07-04 * "Hooli" "Payroll"
  Assets:US:BofA:Checking                         1350.60 USD   
  Assets:US:Vanguard:Cash                         1200.00 USD   
  Income:US:Hooli:Salary                         -4615.38 USD   
  Income:US:Hooli:GroupTermLife                    -24.32 USD   
  Expenses:Health:Life:GroupTermLife                24.32 USD   
  Expenses:Health:Dental:Insurance                   2.90 USD   
  Expenses:Health:Medical:Insurance                 27.38 USD   
  Expenses:Health:Vision:Insurance                  42.30 USD   
  Expenses:Taxes:Y2019:US:Medicare                 106.62 USD   
  Expenses:Taxes:Y2019:US:Federal                 1062.92 USD   
  Expenses:Taxes:Y2019:US:State                    365.08 USD   
  Expenses:Taxes:Y2019:US:CityNYC                  174.92 USD   
  Expenses:Taxes:Y2019:US:SDI                        1.12 USD   
  Expenses:Taxes:Y2019:US:SocSec                   281.54 USD   
  Assets:US:Federal:PreTax401k                   -1200.00 IRAUSD
  Expenses:Taxes:Y2019:US:Federal:PreTax401k      1200.00 IRAUSD
  Assets:US:Hooli:Vacation                              5 VACHR 
  Income:US:Hooli:Vacation                             -5 VACHR 

2019-07-18 * "Hooli" "Payroll"
  Assets:US:BofA:Checking                         1350.60 USD   
  Assets:US:Vanguard:Cash                         1200.00 USD   
  Income:US:Hooli:Salary                         -4615.38 USD   
  Income:US:Hooli:GroupTermLife                    -24.32 USD   
  Expenses:Health:Life:GroupTermLife                24.32 USD   
  Expenses:Health:Dental:Insurance                   2.90 USD   
  Expenses:Health:Medical:Insurance                 27.38 USD   
  Expenses:Health:Vision:Insurance                  42.30 USD   
  Expenses:Taxes:Y2019:US:Medicare                 106.62 USD   
  Expenses:Taxes:Y2019:US:Federal                 1062.92 USD   
  Expenses:Taxes:Y2019:US:State                    365.08 USD   
  Expenses:Taxes:Y2019:US:CityNYC                  174.92 USD   
  Expenses:Taxes:Y2019:US:SDI                        1.12 USD   
  Expenses:Taxes:Y2019:US:SocSec                   281.54 USD   
  Assets:US:Federal:PreTax401k                   -1200.00 IRAUSD
  Expenses:Taxes:Y2019:US:Federal:PreTax401k      1200.00 IRAUSD
  Assets:US:Hooli:Vacation                              5 VACHR 
  Income:US:Hooli:Vacation                             -5 VACHR 

2019-08-01 * "Hooli" "Payroll"
  Assets:US:BofA:Checking                         2050.60 USD   
  Assets:US:Vanguard:Cash                          500.00 USD   
  Income:US:Hooli:Salary                         -4615.38 USD   
  Income:US:Hooli:GroupTermLife                    -24.32 USD   
  Expenses:Health:Life:GroupTermLife                24.32 USD   
  Expenses:Health:Dental:Insurance                   2.90 USD   
  Expenses:Health:Medical:Insurance                 27.38 USD   
  Expenses:Health:Vision:Insurance                  42.30 USD   
  Expenses:Taxes:Y2019:US:Medicare                 106.62 USD   
  Expenses:Taxes:Y2019:US:Federal                 1062.92 USD   
  Expenses:Taxes:Y2019:US:State                    365.08 USD   
  Expenses:Taxes:Y2019:US:CityNYC                  174.92 USD   
  Expenses:Taxes:Y2019:US:SDI                        1.12 USD   
  Expenses:Taxes:Y2019:US:SocSec                   281.54 USD   
  Assets:US:Federal:PreTax401k                    -500.00 IRAUSD
  Expenses:Taxes:Y2019:US:Federal:PreTax401k       500.00 IRAUSD
  Assets:US:Hooli:Vacation                              5 VACHR 
  Income:US:Hooli:Vacation                             -5 VACHR 

2019-08-15 * "Hooli" "Payroll"
  Assets:US:BofA:Checking                         2550.60 USD   
  Income:US:Hooli:Salary                         -4615.38 USD   
  Income:US:Hooli:GroupTermLife                    -24.32 USD   
  Expenses:Health:Life:GroupTermLife                24.32 USD   
  Expenses:Health:Dental:Insurance                   2.90 USD   
  Expenses:Health:Medical:Insurance                 27.38 USD   
  Expenses:Health:Vision:Insurance                  42.30 USD   
  Expenses:Taxes:Y2019:US:Medicare                 106.62 USD   
  Expenses:Taxes:Y2019:US:Federal                 1062.92 USD   
  Expenses:Taxes:Y2019:US:State                    365.08 USD   
  Expenses:Taxes:Y2019:US:CityNYC                  174.92 USD   
  Expenses:Taxes:Y2019:US:SDI                        1.12 USD   
  Expenses:Taxes:Y2019:US:SocSec                   281.54 USD   
  Assets:US:Federal:PreTax401k                       0.00 IRAUSD
  Assets:US:Hooli:Vacation                              5 VACHR 
  Income:US:Hooli:Vacation                             -5 VACHR 

2019-08-29 * "Hooli" "Payroll"
  Assets:US:BofA:Checking                         2550.60 USD   
  Income:US:Hooli:Salary                         -4615.38 USD   
  Income:US:Hooli:GroupTermLife                    -24.32 USD   
  Expenses:Health:Life:GroupTermLife                24.32 USD   
  Expenses:Health:Dental:Insurance                   2.90 USD   
  Expenses:Health:Medical:Insurance                 27.38 USD   
  Expenses:Health:Vision:Insurance                  42.30 USD   
  Expenses:Taxes:Y2019:US:Medicare                 106.62 USD   
  Expenses:Taxes:Y2019:US:Federal                 1062.92 USD   
  Expenses:Taxes:Y2019:US:State                    365.08 USD   
  Expenses:Taxes:Y2019:US:CityNYC                  174.92 USD   
  Expenses:Taxes:Y2019:US:SDI                        1.12 USD   
  Expenses:Taxes:Y2019:US:SocSec                   281.54 USD   
  Assets:US:Federal:PreTax401k                       0.00 IRAUSD
  Assets:US:Hooli:Vacation                              5 VACHR 
  Income:US:Hooli:Vacation                             -5 VACHR 

2019-09-12 * "Hooli" "Payroll"
  Assets:US:BofA:Checking                         2550.60 USD   
  Income:US:Hooli:Salary                         -4615.38 USD   
  Income:US:Hooli:GroupTermLife                    -24.32 USD   
  Expenses:Health:Life:GroupTermLife                24.32 USD   
  Expenses:Health:Dental:Insurance                   2.90 USD   
  Expenses:Health:Medical:Insurance                 27.38 USD   
  Expenses:Health:Vision:Insurance                  42.30 USD   
  Expenses:Taxes:Y2019:US:Medicare                 106.62 USD   
  Expenses:Taxes:Y2019:US:Federal                 1062.92 USD   
  Expenses:Taxes:Y2019:US:State                    365.08 USD   
  Expenses:Taxes:Y2019:US:CityNYC                  174.92 USD   
  Expenses:Taxes:Y2019:US:SDI                        1.12 USD   
  Expenses:Taxes:Y2019:US:SocSec                   281.54 USD   
  Assets:US:Federal:PreTax401k                       0.00 IRAUSD
  Assets:US:Hooli:Vacation                              5 VACHR 
  Income:US:Hooli:Vacation                             -5 VACHR 

2019-09-26 * "Hooli" "Payroll"
  Assets:US:BofA:Checking                         2550.60 USD   
  Income:US:Hooli:Salary                         -4615.38 USD   
  Income:US:Hooli:GroupTermLife                    -24.32 USD   
  Expenses:Health:Life:GroupTermLife                24.32 USD   
  Expenses:Health:Dental:Insurance                   2.90 USD   
  Expenses:Health:Medical:Insurance                 27.38 USD   
  Expenses:Health:Vision:Insurance                  42.30 USD   
  Expenses:Taxes:Y2019:US:Medicare                 106.62 USD   
  Expenses:Taxes:Y2019:US:Federal                 1062.92 USD   
  Expenses:Taxes:Y2019:US:State                    365.08 USD   
  Expenses:Taxes:Y2019:US:CityNYC                  174.92 USD   
  Expenses:Taxes:Y2019:US:SDI                        1.12 USD   
  Expenses:Taxes:Y2019:US:SocSec                   281.54 USD   
  Assets:US:Federal:PreTax401k                       0.00 IRAUSD
  Assets:US:Hooli:Vacation                              5 VACHR 
  Income:US:Hooli:Vacation                             -5 VACHR 

2019-10-10 * "Hooli" "Payroll"
  Assets:US:BofA:Checking                         2550.60 USD   
  Income:US:Hooli:Salary                         -4615.38 USD   
  Income:US:Hooli:GroupTermLife                    -24.32 USD   
  Expenses:Health:Life:GroupTermLife                24.32 USD   
  Expenses:Health:Dental:Insurance                   2.90 USD   
  Expenses:Health:Medical:Insurance                 27.38 USD   
  Expenses:Health:Vision:Insurance                  42.30 USD   
  Expenses:Taxes:Y2019:US:Medicare                 106.62 USD   
  Expenses:Taxes:Y2019:US:Federal                 1062.92 USD   
  Expenses:Taxes:Y2019:US:State                    365.08 USD   
  Expenses:Taxes:Y2019:US:CityNYC                  174.92 USD   
  Expenses:Taxes:Y2019:US:SDI                        1.12 USD   
  Expenses:Taxes:Y2019:US:SocSec                   281.54 USD   
  Assets:US:Federal:PreTax401k                       0.00 IRAUSD
  Assets:US:Hooli:Vacation                              5 VACHR 
  Income:US:Hooli:Vacation                             -5 VACHR 

2019-10-24 * "Hooli" "Payroll"
  Assets:US:BofA:Checking                         2550.60 USD   
  Income:US:Hooli:Salary                         -4615.38 USD   
  Income:US:Hooli:GroupTermLife                    -24.32 USD   
  Expenses:Health:Life:GroupTermLife                24.32 USD   
  Expenses:Health:Dental:Insurance                   2.90 USD   
  Expenses:Health:Medical:Insurance                 27.38 USD   
  Expenses:Health:Vision:Insurance                  42.30 USD   
  Expenses:Taxes:Y2019:US:Medicare                 106.62 USD   
  Expenses:Taxes:Y2019:US:Federal                 1062.92 USD   
  Expenses:Taxes:Y2019:US:State                    365.08 USD   
  Expenses:Taxes:Y2019:US:CityNYC                  174.92 USD   
  Expenses:Taxes:Y2019:US:SDI                        1.12 USD   
  Expenses:Taxes:Y2019:US:SocSec                   281.54 USD   
  Assets:US:Federal:PreTax401k                       0.00 IRAUSD
  Assets:US:Hooli:Vacation                              5 VACHR 
  Income:US:Hooli:Vacation                             -5 VACHR 

2019-11-07 * "Hooli" "Payroll"
  Assets:US:BofA:Checking                         2550.60 USD   
  Income:US:Hooli:Salary                         -4615.38 USD   
  Income:US:Hooli:GroupTermLife                    -24.32 USD   
  Expenses:Health:Life:GroupTermLife                24.32 USD   
  Expenses:Health:Dental:Insurance                   2.90 USD   
  Expenses:Health:Medical:Insurance                 27.38 USD   
  Expenses:Health:Vision:Insurance                  42.30 USD   
  Expenses:Taxes:Y2019:US:Medicare                 106.62 USD   
  Expenses:Taxes:Y2019:US:Federal                 1062.92 USD   
  Expenses:Taxes:Y2019:US:State                    365.08 USD   
  Expenses:Taxes:Y2019:US:CityNYC                  174.92 USD   
  Expenses:Taxes:Y2019:US:SDI                        1.12 USD   
  Expenses:Taxes:Y2019:US:SocSec                   281.54 USD   
  Assets:US:Federal:PreTax401k                       0.00 IRAUSD
  Assets:US:Hooli:Vacation                              5 VACHR 
  Income:US:Hooli:Vacation                             -5 VACHR 

2019-11-21 * "Hooli" "Payroll"
  Assets:US:BofA:Checking                         2550.60 USD   
  Income:US:Hooli:Salary                         -4615.38 USD   
  Income:US:Hooli:GroupTermLife                    -24.32 USD   
  Expenses:Health:Life:GroupTermLife                24.32 USD   
  Expenses:Health:Dental:Insurance                   2.90 USD   
  Expenses:Health:Medical:Insurance                 27.38 USD   
  Expenses:Health:Vision:Insurance                  42.30 USD   
  Expenses:Taxes:Y2019:US:Medicare                 106.62 USD   
  Expenses:Taxes:Y2019:US:Federal                 1062.92 USD   
  Expenses:Taxes:Y2019:US:State                    365.08 USD   
  Expenses:Taxes:Y2019:US:CityNYC                  174.92 USD   
  Expenses:Taxes:Y2019:US:SDI                        1.12 USD   
  Expenses:Taxes:Y2019:US:SocSec                   281.54 USD   
  Assets:US:Federal:PreTax401k                       0.00 IRAUSD
  Assets:US:Hooli:Vacation                              5 VACHR 
  Income:US:Hooli:Vacation                             -5 VACHR 

2019-12-05 * "Hooli" "Payroll"
  Assets:US:BofA:Checking                         2589.06 USD   
  Income:US:Hooli:Salary                         -4615.38 USD   
  Income:US:Hooli:GroupTermLife                    -24.32 USD   
  Expenses:Health:Life:GroupTermLife                24.32 USD   
  Expenses:Health:Dental:Insurance                   2.90 USD   
  Expenses:Health:Medical:Insurance                 27.38 USD   
  Expenses:Health:Vision:Insurance                  42.30 USD   
  Expenses:Taxes:Y2019:US:Medicare                 106.62 USD   
  Expenses:Taxes:Y2019:US:Federal                 1062.92 USD   
  Expenses:Taxes:Y2019:US:State                    365.08 USD   
  Expenses:Taxes:Y2019:US:CityNYC                  174.92 USD   
  Expenses:Taxes:Y2019:US:SDI                        1.12 USD   
  Expenses:Taxes:Y2019:US:SocSec                   243.08 USD   
  Assets:US:Federal:PreTax401k                       0.00 IRAUSD
  Assets:US:Hooli:Vacation                              5 VACHR 
  Income:US:Hooli:Vacation                             -5 VACHR 

2019-12-19 * "Hooli" "Payroll"
  Assets:US:BofA:Checking                         2832.14 USD   
  Income:US:Hooli:Salary                         -4615.38 USD   
  Income:US:Hooli:GroupTermLife                    -24.32 USD   
  Expenses:Health:Life:GroupTermLife                24.32 USD   
  Expenses:Health:Dental:Insurance                   2.90 USD   
  Expenses:Health:Medical:Insurance                 27.38 USD   
  Expenses:Health:Vision:Insurance                  42.30 USD   
  Expenses:Taxes:Y2019:US:Medicare                 106.62 USD   
  Expenses:Taxes:Y2019:US:Federal                 1062.92 USD   
  Expenses:Taxes:Y2019:US:State                    365.08 USD   
  Expenses:Taxes:Y2019:US:CityNYC                  174.92 USD   
  Expenses:Taxes:Y2019:US:SDI                        1.12 USD   
  Expenses:Taxes:Y2019:US:SocSec                     0.00 USD   
  Assets:US:Federal:PreTax401k                       0.00 IRAUSD
  Assets:US:Hooli:Vacation                              5 VACHR 
  Income:US:Hooli:Vacation                             -5 VACHR 

2020-01-02 * "Hooli" "Payroll"
  Assets:US:BofA:Checking                         1350.60 USD   
  Assets:US:Vanguard:Cash                         1200.00 USD   
  Income:US:Hooli:Salary                         -4615.38 USD   
  Income:US:Hooli:GroupTermLife                    -24.32 USD   
  Expenses:Health:Life:GroupTermLife                24.32 USD   
  Expenses:Health:Dental:Insurance                   2.90 USD   
  Expenses:Health:Medical:Insurance                 27.38 USD   
  Expenses:Health:Vision:Insurance                  42.30 USD   
  Expenses:Taxes:Y2020:US:Medicare                 106.62 USD   
  Expenses:Taxes:Y2020:US:Federal                 1062.92 USD   
  Expenses:Taxes:Y2020:US:State                    365.08 USD   
  Expenses:Taxes:Y2020:US:CityNYC                  174.92 USD   
  Expenses:Taxes:Y2020:US:SDI                        1.12 USD   
  Expenses:Taxes:Y2020:US:SocSec                   281.54 USD   
  Assets:US:Federal:PreTax401k                   -1200.00 IRAUSD
  Expenses:Taxes:Y2020:US:Federal:PreTax401k      1200.00 IRAUSD
  Assets:US:Hooli:Vacation                              5 VACHR 
  Income:US:Hooli:Vacation                             -5 VACHR 

2020-01-16 * "Hooli" "Payroll"
  Assets:US:BofA:Checking                         1350.60 USD   
  Assets:US:Vanguard:Cash                         1200.00 USD   
  Income:US:Hooli:Salary                         -4615.38 USD   
  Income:US:Hooli:GroupTermLife                    -24.32 USD   
  Expenses:Health:Life:GroupTermLife                24.32 USD   
  Expenses:Health:Dental:Insurance                   2.90 USD   
  Expenses:Health:Medical:Insurance                 27.38 USD   
  Expenses:Health:Vision:Insurance                  42.30 USD   
  Expenses:Taxes:Y2020:US:Medicare                 106.62 USD   
  Expenses:Taxes:Y2020:US:Federal                 1062.92 USD   
  Expenses:Taxes:Y2020:US:State                    365.08 USD   
  Expenses:Taxes:Y2020:US:CityNYC                  174.92 USD   
  Expenses:Taxes:Y2020:US:SDI                        1.12 USD   
  Expenses:Taxes:Y2020:US:SocSec                   281.54 USD   
  Assets:US:Federal:PreTax401k                   -1200.00 IRAUSD
  Expenses:Taxes:Y2020:US:Federal:PreTax401k      1200.00 IRAUSD
  Assets:US:Hooli:Vacation                              5 VACHR 
  Income:US:Hooli:Vacation                             -5 VACHR 

2020-01-30 * "Hooli" "Payroll"
  Assets:US:BofA:Checking                         1350.60 USD   
  Assets:US:Vanguard:Cash                         1200.00 USD   
  Income:US:Hooli:Salary                         -4615.38 USD   
  Income:US:Hooli:GroupTermLife                    -24.32 USD   
  Expenses:Health:Life:GroupTermLife                24.32 USD   
  Expenses:Health:Dental:Insurance                   2.90 USD   
  Expenses:Health:Medical:Insurance                 27.38 USD   
  Expenses:Health:Vision:Insurance                  42.30 USD   
  Expenses:Taxes:Y2020:US:Medicare                 106.62 USD   
  Expenses:Taxes:Y2020:US:Federal                 1062.92 USD   
  Expenses:Taxes:Y2020:US:State                    365.08 USD   
  Expenses:Taxes:Y2020:US:CityNYC                  174.92 USD   
  Expenses:Taxes:Y2020:US:SDI                        1.12 USD   
  Expenses:Taxes:Y2020:US:SocSec                   281.54 USD   
  Assets:US:Federal:PreTax401k                   -1200.00 IRAUSD
  Expenses:Taxes:Y2020:US:Federal:PreTax401k      1200.00 IRAUSD
  Assets:US:Hooli:Vacation                              5 VACHR 
  Income:US:Hooli:Vacation                             -5 VACHR 

2020-02-13 * "Hooli" "Payroll"
  Assets:US:BofA:Checking                         1350.60 USD   
  Assets:US:Vanguard:Cash                         1200.00 USD   
  Income:US:Hooli:Salary                         -4615.38 USD   
  Income:US:Hooli:GroupTermLife                    -24.32 USD   
  Expenses:Health:Life:GroupTermLife                24.32 USD   
  Expenses:Health:Dental:Insurance                   2.90 USD   
  Expenses:Health:Medical:Insurance                 27.38 USD   
  Expenses:Health:Vision:Insurance                  42.30 USD   
  Expenses:Taxes:Y2020:US:Medicare                 106.62 USD   
  Expenses:Taxes:Y2020:US:Federal                 1062.92 USD   
  Expenses:Taxes:Y2020:US:State                    365.08 USD   
  Expenses:Taxes:Y2020:US:CityNYC                  174.92 USD   
  Expenses:Taxes:Y2020:US:SDI                        1.12 USD   
  Expenses:Taxes:Y2020:US:SocSec                   281.54 USD   
  Assets:US:Federal:PreTax401k                   -1200.00 IRAUSD
  Expenses:Taxes:Y2020:US:Federal:PreTax401k      1200.00 IRAUSD
  Assets:US:Hooli:Vacation                              5 VACHR 
  Income:US:Hooli:Vacation                             -5 VACHR 

2020-02-27 * "Hooli" "Payroll"
  Assets:US:BofA:Checking                         1350.60 USD   
  Assets:US:Vanguard:Cash                         1200.00 USD   
  Income:US:Hooli:Salary                         -4615.38 USD   
  Income:US:Hooli:GroupTermLife                    -24.32 USD   
  Expenses:Health:Life:GroupTermLife                24.32 USD   
  Expenses:Health:Dental:Insurance                   2.90 USD   
  Expenses:Health:Medical:Insurance                 27.38 USD   
  Expenses:Health:Vision:Insurance                  42.30 USD   
  Expenses:Taxes:Y2020:US:Medicare                 106.62 USD   
  Expenses:Taxes:Y2020:US:Federal                 1062.92 USD   
  Expenses:Taxes:Y2020:US:State                    365.08 USD   
  Expenses:Taxes:Y2020:US:CityNYC                  174.92 USD   
  Expenses:Taxes:Y2020:US:SDI                        1.12 USD   
  Expenses:Taxes:Y2020:US:SocSec                   281.54 USD   
  Assets:US:Federal:PreTax401k                   -1200.00 IRAUSD
  Expenses:Taxes:Y2020:US:Federal:PreTax401k      1200.00 IRAUSD
  Assets:US:Hooli:Vacation                              5 VACHR 
  Income:US:Hooli:Vacation                             -5 VACHR 

2020-03-12 * "Hooli" "Payroll"
  Assets:US:BofA:Checking                         1350.60 USD   
  Assets:US:Vanguard:Cash                         1200.00 USD   
  Income:US:Hooli:Salary                         -4615.38 USD   
  Income:US:Hooli:GroupTermLife                    -24.32 USD   
  Expenses:Health:Life:GroupTermLife                24.32 USD   
  Expenses:Health:Dental:Insurance                   2.90 USD   
  Expenses:Health:Medical:Insurance                 27.38 USD   
  Expenses:Health:Vision:Insurance                  42.30 USD   
  Expenses:Taxes:Y2020:US:Medicare                 106.62 USD   
  Expenses:Taxes:Y2020:US:Federal                 1062.92 USD   
  Expenses:Taxes:Y2020:US:State                    365.08 USD   
  Expenses:Taxes:Y2020:US:CityNYC                  174.92 USD   
  Expenses:Taxes:Y2020:US:SDI                        1.12 USD   
  Expenses:Taxes:Y2020:US:SocSec                   281.54 USD   
  Assets:US:Federal:PreTax401k                   -1200.00 IRAUSD
  Expenses:Taxes:Y2020:US:Federal:PreTax401k      1200.00 IRAUSD
  Assets:US:Hooli:Vacation                              5 VACHR 
  Income:US:Hooli:Vacation                             -5 VACHR 

2020-03-26 * "Hooli" "Payroll"
  Assets:US:BofA:Checking                         1350.60 USD   
  Assets:US:Vanguard:Cash                         1200.00 USD   
  Income:US:Hooli:Salary                         -4615.38 USD   
  Income:US:Hooli:GroupTermLife                    -24.32 USD   
  Expenses:Health:Life:GroupTermLife                24.32 USD   
  Expenses:Health:Dental:Insurance                   2.90 USD   
  Expenses:Health:Medical:Insurance                 27.38 USD   
  Expenses:Health:Vision:Insurance                  42.30 USD   
  Expenses:Taxes:Y2020:US:Medicare                 106.62 USD   
  Expenses:Taxes:Y2020:US:Federal                 1062.92 USD   
  Expenses:Taxes:Y2020:US:State                    365.08 USD   
  Expenses:Taxes:Y2020:US:CityNYC                  174.92 USD   
  Expenses:Taxes:Y2020:US:SDI                        1.12 USD   
  Expenses:Taxes:Y2020:US:SocSec                   281.54 USD   
  Assets:US:Federal:PreTax401k                   -1200.00 IRAUSD
  Expenses:Taxes:Y2020:US:Federal:PreTax401k      1200.00 IRAUSD
  Assets:US:Hooli:Vacation                              5 VACHR 
  Income:US:Hooli:Vacation                             -5 VACHR 

2020-04-09 * "Hooli" "Payroll"
  Assets:US:BofA:Checking                         1350.60 USD   
  Assets:US:Vanguard:Cash                         1200.00 USD   
  Income:US:Hooli:Salary                         -4615.38 USD   
  Income:US:Hooli:GroupTermLife                    -24.32 USD   
  Expenses:Health:Life:GroupTermLife                24.32 USD   
  Expenses:Health:Dental:Insurance                   2.90 USD   
  Expenses:Health:Medical:Insurance                 27.38 USD   
  Expenses:Health:Vision:Insurance                  42.30 USD   
  Expenses:Taxes:Y2020:US:Medicare                 106.62 USD   
  Expenses:Taxes:Y2020:US:Federal                 1062.92 USD   
  Expenses:Taxes:Y2020:US:State                    365.08 USD   
  Expenses:Taxes:Y2020:US:CityNYC                  174.92 USD   
  Expenses:Taxes:Y2020:US:SDI                        1.12 USD   
  Expenses:Taxes:Y2020:US:SocSec                   281.54 USD   
  Assets:US:Federal:PreTax401k                   -1200.00 IRAUSD
  Expenses:Taxes:Y2020:US:Federal:PreTax401k      1200.00 IRAUSD
  Assets:US:Hooli:Vacation                              5 VACHR 
  Income:US:Hooli:Vacation                             -5 VACHR 

2020-04-23 * "Hooli" "Payroll"
  Assets:US:BofA:Checking                         1350.60 USD   
  Assets:US:Vanguard:Cash                         1200.00 USD   
  Income:US:Hooli:Salary                         -4615.38 USD   
  Income:US:Hooli:GroupTermLife                    -24.32 USD   
  Expenses:Health:Life:GroupTermLife                24.32 USD   
  Expenses:Health:Dental:Insurance                   2.90 USD   
  Expenses:Health:Medical:Insurance                 27.38 USD   
  Expenses:Health:Vision:Insurance                  42.30 USD   
  Expenses:Taxes:Y2020:US:Medicare                 106.62 USD   
  Expenses:Taxes:Y2020:US:Federal                 1062.92 USD   
  Expenses:Taxes:Y2020:US:State                    365.08 USD   
  Expenses:Taxes:Y2020:US:CityNYC                  174.92 USD   
  Expenses:Taxes:Y2020:US:SDI                        1.12 USD   
  Expenses:Taxes:Y2020:US:SocSec                   281.54 USD   
  Assets:US:Federal:PreTax401k                   -1200.00 IRAUSD
  Expenses:Taxes:Y2020:US:Federal:PreTax401k      1200.00 IRAUSD
  Assets:US:Hooli:Vacation                              5 VACHR 
  Income:US:Hooli:Vacation                             -5 VACHR 

2020-05-07 * "Hooli" "Payroll"
  Assets:US:BofA:Checking                         1350.60 USD   
  Assets:US:Vanguard:Cash                         1200.00 USD   
  Income:US:Hooli:Salary                         -4615.38 USD   
  Income:US:Hooli:GroupTermLife                    -24.32 USD   
  Expenses:Health:Life:GroupTermLife                24.32 USD   
  Expenses:Health:Dental:Insurance                   2.90 USD   
  Expenses:Health:Medical:Insurance                 27.38 USD   
  Expenses:Health:Vision:Insurance                  42.30 USD   
  Expenses:Taxes:Y2020:US:Medicare                 106.62 USD   
  Expenses:Taxes:Y2020:US:Federal                 1062.92 USD   
  Expenses:Taxes:Y2020:US:State                    365.08 USD   
  Expenses:Taxes:Y2020:US:CityNYC                  174.92 USD   
  Expenses:Taxes:Y2020:US:SDI                        1.12 USD   
  Expenses:Taxes:Y2020:US:SocSec                   281.54 USD   
  Assets:US:Federal:PreTax401k                   -1200.00 IRAUSD
  Expenses:Taxes:Y2020:US:Federal:PreTax401k      1200.00 IRAUSD
  Assets:US:Hooli:Vacation                              5 VACHR 
  Income:US:Hooli:Vacation                             -5 VACHR 

2020-05-21 * "Hooli" "Payroll"
  Assets:US:BofA:Checking                         1350.60 USD   
  Assets:US:Vanguard:Cash                         1200.00 USD   
  Income:US:Hooli:Salary                         -4615.38 USD   
  Income:US:Hooli:GroupTermLife                    -24.32 USD   
  Expenses:Health:Life:GroupTermLife                24.32 USD   
  Expenses:Health:Dental:Insurance                   2.90 USD   
  Expenses:Health:Medical:Insurance                 27.38 USD   
  Expenses:Health:Vision:Insurance                  42.30 USD   
  Expenses:Taxes:Y2020:US:Medicare                 106.62 USD   
  Expenses:Taxes:Y2020:US:Federal                 1062.92 USD   
  Expenses:Taxes:Y2020:US:State                    365.08 USD   
  Expenses:Taxes:Y2020:US:CityNYC                  174.92 USD   
  Expenses:Taxes:Y2020:US:SDI                        1.12 USD   
  Expenses:Taxes:Y2020:US:SocSec                   281.54 USD   
  Assets:US:Federal:PreTax401k                   -1200.00 IRAUSD
  Expenses:Taxes:Y2020:US:Federal:PreTax401k      1200.00 IRAUSD
  Assets:US:Hooli:Vacation                              5 VACHR 
  Income:US:Hooli:Vacation                             -5 VACHR 

2020-06-04 * "Hooli" "Payroll"
  Assets:US:BofA:Checking                         1350.60 USD   
  Assets:US:Vanguard:Cash                         1200.00 USD   
  Income:US:Hooli:Salary                         -4615.38 USD   
  Income:US:Hooli:GroupTermLife                    -24.32 USD   
  Expenses:Health:Life:GroupTermLife                24.32 USD   
  Expenses:Health:Dental:Insurance                   2.90 USD   
  Expenses:Health:Medical:Insurance                 27.38 USD   
  Expenses:Health:Vision:Insurance                  42.30 USD   
  Expenses:Taxes:Y2020:US:Medicare                 106.62 USD   
  Expenses:Taxes:Y2020:US:Federal                 1062.92 USD   
  Expenses:Taxes:Y2020:US:State                    365.08 USD   
  Expenses:Taxes:Y2020:US:CityNYC                  174.92 USD   
  Expenses:Taxes:Y2020:US:SDI                        1.12 USD   
  Expenses:Taxes:Y2020:US:SocSec                   281.54 USD   
  Assets:US:Federal:PreTax401k                   -1200.00 IRAUSD
  Expenses:Taxes:Y2020:US:Federal:PreTax401k      1200.00 IRAUSD
  Assets:US:Hooli:Vacation                              5 VACHR 
  Income:US:Hooli:Vacation                             -5 VACHR 

2020-06-18 * "Hooli" "Payroll"
  Assets:US:BofA:Checking                         1350.60 USD   
  Assets:US:Vanguard:Cash                         1200.00 USD   
  Income:US:Hooli:Salary                         -4615.38 USD   
  Income:US:Hooli:GroupTermLife                    -24.32 USD   
  Expenses:Health:Life:GroupTermLife                24.32 USD   
  Expenses:Health:Dental:Insurance                   2.90 USD   
  Expenses:Health:Medical:Insurance                 27.38 USD   
  Expenses:Health:Vision:Insurance                  42.30 USD   
  Expenses:Taxes:Y2020:US:Medicare                 106.62 USD   
  Expenses:Taxes:Y2020:US:Federal                 1062.92 USD   
  Expenses:Taxes:Y2020:US:State                    365.08 USD   
  Expenses:Taxes:Y2020:US:CityNYC                  174.92 USD   
  Expenses:Taxes:Y2020:US:SDI                        1.12 USD   
  Expenses:Taxes:Y2020:US:SocSec                   281.54 USD   
  Assets:US:Federal:PreTax401k                   -1200.00 IRAUSD
  Expenses:Taxes:Y2020:US:Federal:PreTax401k      1200.00 IRAUSD
  Assets:US:Hooli:Vacation                              5 VACHR 
  Income:US:Hooli:Vacation                             -5 VACHR 

2020-07-02 * "Hooli" "Payroll"
  Assets:US:BofA:Checking                         1350.60 USD   
  Assets:US:Vanguard:Cash                         1200.00 USD   
  Income:US:Hooli:Salary                         -4615.38 USD   
  Income:US:Hooli:GroupTermLife                    -24.32 USD   
  Expenses:Health:Life:GroupTermLife                24.32 USD   
  Expenses:Health:Dental:Insurance                   2.90 USD   
  Expenses:Health:Medical:Insurance                 27.38 USD   
  Expenses:Health:Vision:Insurance                  42.30 USD   
  Expenses:Taxes:Y2020:US:Medicare                 106.62 USD   
  Expenses:Taxes:Y2020:US:Federal                 1062.92 USD   
  Expenses:Taxes:Y2020:US:State                    365.08 USD   
  Expenses:Taxes:Y2020:US:CityNYC                  174.92 USD   
  Expenses:Taxes:Y2020:US:SDI                        1.12 USD   
  Expenses:Taxes:Y2020:US:SocSec                   281.54 USD   
  Assets:US:Federal:PreTax401k                   -1200.00 IRAUSD
  Expenses:Taxes:Y2020:US:Federal:PreTax401k      1200.00 IRAUSD
  Assets:US:Hooli:Vacation                              5 VACHR 
  Income:US:Hooli:Vacation                             -5 VACHR 

2020-07-16 * "Hooli" "Payroll"
  Assets:US:BofA:Checking                         1350.60 USD   
  Assets:US:Vanguard:Cash                         1200.00 USD   
  Income:US:Hooli:Salary                         -4615.38 USD   
  Income:US:Hooli:GroupTermLife                    -24.32 USD   
  Expenses:Health:Life:GroupTermLife                24.32 USD   
  Expenses:Health:Dental:Insurance                   2.90 USD   
  Expenses:Health:Medical:Insurance                 27.38 USD   
  Expenses:Health:Vision:Insurance                  42.30 USD   
  Expenses:Taxes:Y2020:US:Medicare                 106.62 USD   
  Expenses:Taxes:Y2020:US:Federal                 1062.92 USD   
  Expenses:Taxes:Y2020:US:State                    365.08 USD   
  Expenses:Taxes:Y2020:US:CityNYC                  174.92 USD   
  Expenses:Taxes:Y2020:US:SDI                        1.12 USD   
  Expenses:Taxes:Y2020:US:SocSec                   281.54 USD   
  Assets:US:Federal:PreTax401k                   -1200.00 IRAUSD
  Expenses:Taxes:Y2020:US:Federal:PreTax401k      1200.00 IRAUSD
  Assets:US:Hooli:Vacation                              5 VACHR 
  Income:US:Hooli:Vacation                             -5 VACHR 

2020-07-30 * "Hooli" "Payroll"
  Assets:US:BofA:Checking                         2050.60 USD   
  Assets:US:Vanguard:Cash                          500.00 USD   
  Income:US:Hooli:Salary                         -4615.38 USD   
  Income:US:Hooli:GroupTermLife                    -24.32 USD   
  Expenses:Health:Life:GroupTermLife                24.32 USD   
  Expenses:Health:Dental:Insurance                   2.90 USD   
  Expenses:Health:Medical:Insurance                 27.38 USD   
  Expenses:Health:Vision:Insurance                  42.30 USD   
  Expenses:Taxes:Y2020:US:Medicare                 106.62 USD   
  Expenses:Taxes:Y2020:US:Federal                 1062.92 USD   
  Expenses:Taxes:Y2020:US:State                    365.08 USD   
  Expenses:Taxes:Y2020:US:CityNYC                  174.92 USD   
  Expenses:Taxes:Y2020:US:SDI                        1.12 USD   
  Expenses:Taxes:Y2020:US:SocSec                   281.54 USD   
  Assets:US:Federal:PreTax401k                    -500.00 IRAUSD
  Expenses:Taxes:Y2020:US:Federal:PreTax401k       500.00 IRAUSD
  Assets:US:Hooli:Vacation                              5 VACHR 
  Income:US:Hooli:Vacation                             -5 VACHR 

2020-08-13 * "Hooli" "Payroll"
  Assets:US:BofA:Checking                         2550.60 USD   
  Income:US:Hooli:Salary                         -4615.38 USD   
  Income:US:Hooli:GroupTermLife                    -24.32 USD   
  Expenses:Health:Life:GroupTermLife                24.32 USD   
  Expenses:Health:Dental:Insurance                   2.90 USD   
  Expenses:Health:Medical:Insurance                 27.38 USD   
  Expenses:Health:Vision:Insurance                  42.30 USD   
  Expenses:Taxes:Y2020:US:Medicare                 106.62 USD   
  Expenses:Taxes:Y2020:US:Federal                 1062.92 USD   
  Expenses:Taxes:Y2020:US:State                    365.08 USD   
  Expenses:Taxes:Y2020:US:CityNYC                  174.92 USD   
  Expenses:Taxes:Y2020:US:SDI                        1.12 USD   
  Expenses:Taxes:Y2020:US:SocSec                   281.54 USD   
  Assets:US:Federal:PreTax401k                       0.00 IRAUSD
  Assets:US:Hooli:Vacation                              5 VACHR 
  Income:US:Hooli:Vacation                             -5 VACHR 

2020-08-27 * "Hooli" "Payroll"
  Assets:US:BofA:Checking                         2550.60 USD   
  Income:US:Hooli:Salary                         -4615.38 USD   
  Income:US:Hooli:GroupTermLife                    -24.32 USD   
  Expenses:Health:Life:GroupTermLife                24.32 USD   
  Expenses:Health:Dental:Insurance                   2.90 USD   
  Expenses:Health:Medical:Insurance                 27.38 USD   
  Expenses:Health:Vision:Insurance                  42.30 USD   
  Expenses:Taxes:Y2020:US:Medicare                 106.62 USD   
  Expenses:Taxes:Y2020:US:Federal                 1062.92 USD   
  Expenses:Taxes:Y2020:US:State                    365.08 USD   
  Expenses:Taxes:Y2020:US:CityNYC                  174.92 USD   
  Expenses:Taxes:Y2020:US:SDI                        1.12 USD   
  Expenses:Taxes:Y2020:US:SocSec                   281.54 USD   
  Assets:US:Federal:PreTax401k                       0.00 IRAUSD
  Assets:US:Hooli:Vacation                              5 VACHR 
  Income:US:Hooli:Vacation                             -5 VACHR 

2020-09-10 * "Hooli" "Payroll"
  Assets:US:BofA:Checking                         2550.60 USD   
  Income:US:Hooli:Salary                         -4615.38 USD   
  Income:US:Hooli:GroupTermLife                    -24.32 USD   
  Expenses:Health:Life:GroupTermLife                24.32 USD   
  Expenses:Health:Dental:Insurance                   2.90 USD   
  Expenses:Health:Medical:Insurance                 27.38 USD   
  Expenses:Health:Vision:Insurance                  42.30 USD   
  Expenses:Taxes:Y2020:US:Medicare                 106.62 USD   
  Expenses:Taxes:Y2020:US:Federal                 1062.92 USD   
  Expenses:Taxes:Y2020:US:State                    365.08 USD   
  Expenses:Taxes:Y2020:US:CityNYC                  174.92 USD   
  Expenses:Taxes:Y2020:US:SDI                        1.12 USD   
  Expenses:Taxes:Y2020:US:SocSec                   281.54 USD   
  Assets:US:Federal:PreTax401k                       0.00 IRAUSD
  Assets:US:Hooli:Vacation                              5 VACHR 
  Income:US:Hooli:Vacation                             -5 VACHR 

2020-09-24 * "Hooli" "Payroll"
  Assets:US:BofA:Checking                         2550.60 USD   
  Income:US:Hooli:Salary                         -4615.38 USD   
  Income:US:Hooli:GroupTermLife                    -24.32 USD   
  Expenses:Health:Life:GroupTermLife                24.32 USD   
  Expenses:Health:Dental:Insurance                   2.90 USD   
  Expenses:Health:Medical:Insurance                 27.38 USD   
  Expenses:Health:Vision:Insurance                  42.30 USD   
  Expenses:Taxes:Y2020:US:Medicare                 106.62 USD   
  Expenses:Taxes:Y2020:US:Federal                 1062.92 USD   
  Expenses:Taxes:Y2020:US:State                    365.08 USD   
  Expenses:Taxes:Y2020:US:CityNYC                  174.92 USD   
  Expenses:Taxes:Y2020:US:SDI                        1.12 USD   
  Expenses:Taxes:Y2020:US:SocSec                   281.54 USD   
  Assets:US:Federal:PreTax401k                       0.00 IRAUSD
  Assets:US:Hooli:Vacation                              5 VACHR 
  Income:US:Hooli:Vacation                             -5 VACHR 

2020-10-08 * "Hooli" "Payroll"
  Assets:US:BofA:Checking                         2550.60 USD   
  Income:US:Hooli:Salary                         -4615.38 USD   
  Income:US:Hooli:GroupTermLife                    -24.32 USD   
  Expenses:Health:Life:GroupTermLife                24.32 USD   
  Expenses:Health:Dental:Insurance                   2.90 USD   
  Expenses:Health:Medical:Insurance                 27.38 USD   
  Expenses:Health:Vision:Insurance                  42.30 USD   
  Expenses:Taxes:Y2020:US:Medicare                 106.62 USD   
  Expenses:Taxes:Y2020:US:Federal                 1062.92 USD   
  Expenses:Taxes:Y2020:US:State                    365.08 USD   
  Expenses:Taxes:Y2020:US:CityNYC                  174.92 USD   
  Expenses:Taxes:Y2020:US:SDI                        1.12 USD   
  Expenses:Taxes:Y2020:US:SocSec                   281.54 USD   
  Assets:US:Federal:PreTax401k                       0.00 IRAUSD
  Assets:US:Hooli:Vacation                              5 VACHR 
  Income:US:Hooli:Vacation                             -5 VACHR 

2020-10-22 * "Hooli" "Payroll"
  Assets:US:BofA:Checking                         2550.60 USD   
  Income:US:Hooli:Salary                         -4615.38 USD   
  Income:US:Hooli:GroupTermLife                    -24.32 USD   
  Expenses:Health:Life:GroupTermLife                24.32 USD   
  Expenses:Health:Dental:Insurance                   2.90 USD   
  Expenses:Health:Medical:Insurance                 27.38 USD   
  Expenses:Health:Vision:Insurance                  42.30 USD   
  Expenses:Taxes:Y2020:US:Medicare                 106.62 USD   
  Expenses:Taxes:Y2020:US:Federal                 1062.92 USD   
  Expenses:Taxes:Y2020:US:State                    365.08 USD   
  Expenses:Taxes:Y2020:US:CityNYC                  174.92 USD   
  Expenses:Taxes:Y2020:US:SDI                        1.12 USD   
  Expenses:Taxes:Y2020:US:SocSec                   281.54 USD   
  Assets:US:Federal:PreTax401k                       0.00 IRAUSD
  Assets:US:Hooli:Vacation                              5 VACHR 
  Income:US:Hooli:Vacation                             -5 VACHR 

2020-11-05 * "Hooli" "Payroll"
  Assets:US:BofA:Checking                         2550.60 USD   
  Income:US:Hooli:Salary                         -4615.38 USD   
  Income:US:Hooli:GroupTermLife                    -24.32 USD   
  Expenses:Health:Life:GroupTermLife                24.32 USD   
  Expenses:Health:Dental:Insurance                   2.90 USD   
  Expenses:Health:Medical:Insurance                 27.38 USD   
  Expenses:Health:Vision:Insurance                  42.30 USD   
  Expenses:Taxes:Y2020:US:Medicare                 106.62 USD   
  Expenses:Taxes:Y2020:US:Federal                 1062.92 USD   
  Expenses:Taxes:Y2020:US:State                    365.08 USD   
  Expenses:Taxes:Y2020:US:CityNYC                  174.92 USD   
  Expenses:Taxes:Y2020:US:SDI                        1.12 USD   
  Expenses:Taxes:Y2020:US:SocSec                   281.54 USD   
  Assets:US:Federal:PreTax401k                       0.00 IRAUSD
  Assets:US:Hooli:Vacation                              5 VACHR 
  Income:US:Hooli:Vacation                             -5 VACHR 

2020-11-19 * "Hooli" "Payroll"
  Assets:US:BofA:Checking                         2550.60 USD   
  Income:US:Hooli:Salary                         -4615.38 USD   
  Income:US:Hooli:GroupTermLife                    -24.32 USD   
  Expenses:Health:Life:GroupTermLife                24.32 USD   
  Expenses:Health:Dental:Insurance                   2.90 USD   
  Expenses:Health:Medical:Insurance                 27.38 USD   
  Expenses:Health:Vision:Insurance                  42.30 USD   
  Expenses:Taxes:Y2020:US:Medicare                 106.62 USD   
  Expenses:Taxes:Y2020:US:Federal                 1062.92 USD   
  Expenses:Taxes:Y2020:US:State                    365.08 USD   
  Expenses:Taxes:Y2020:US:CityNYC                  174.92 USD   
  Expenses:Taxes:Y2020:US:SDI                        1.12 USD   
  Expenses:Taxes:Y2020:US:SocSec                   281.54 USD   
  Assets:US:Federal:PreTax401k                       0.00 IRAUSD
  Assets:US:Hooli:Vacation                              5 VACHR 
  Income:US:Hooli:Vacation                             -5 VACHR 

2020-12-03 * "Hooli" "Payroll"
  Assets:US:BofA:Checking                         2589.06 USD   
  Income:US:Hooli:Salary                         -4615.38 USD   
  Income:US:Hooli:GroupTermLife                    -24.32 USD   
  Expenses:Health:Life:GroupTermLife                24.32 USD   
  Expenses:Health:Dental:Insurance                   2.90 USD   
  Expenses:Health:Medical:Insurance                 27.38 USD   
  Expenses:Health:Vision:Insurance                  42.30 USD   
  Expenses:Taxes:Y2020:US:Medicare                 106.62 USD   
  Expenses:Taxes:Y2020:US:Federal                 1062.92 USD   
  Expenses:Taxes:Y2020:US:State                    365.08 USD   
  Expenses:Taxes:Y2020:US:CityNYC                  174.92 USD   
  Expenses:Taxes:Y2020:US:SDI                        1.12 USD   
  Expenses:Taxes:Y2020:US:SocSec                   243.08 USD   
  Assets:US:Federal:PreTax401k                       0.00 IRAUSD
  Assets:US:Hooli:Vacation                              5 VACHR 
  Income:US:Hooli:Vacation                             -5 VACHR 

2020-12-17 * "Hooli" "Payroll"
  Assets:US:BofA:Checking                         2832.14 USD   
  Income:US:Hooli:Salary                         -4615.38 USD   
  Income:US:Hooli:GroupTermLife                    -24.32 USD   
  Expenses:Health:Life:GroupTermLife                24.32 USD   
  Expenses:Health:Dental:Insurance                   2.90 USD   
  Expenses:Health:Medical:Insurance                 27.38 USD   
  Expenses:Health:Vision:Insurance                  42.30 USD   
  Expenses:Taxes:Y2020:US:Medicare                 106.62 USD   
  Expenses:Taxes:Y2020:US:Federal                 1062.92 USD   
  Expenses:Taxes:Y2020:US:State                    365.08 USD   
  Expenses:Taxes:Y2020:US:CityNYC                  174.92 USD   
  Expenses:Taxes:Y2020:US:SDI                        1.12 USD   
  Expenses:Taxes:Y2020:US:SocSec                     0.00 USD   
  Assets:US:Federal:PreTax401k                       0.00 IRAUSD
  Assets:US:Hooli:Vacation                              5 VACHR 
  Income:US:Hooli:Vacation                             -5 VACHR 

2020-12-31 * "Hooli" "Payroll"
  Assets:US:BofA:Checking                         2832.14 USD   
  Income:US:Hooli:Salary                         -4615.38 USD   
  Income:US:Hooli:GroupTermLife                    -24.32 USD   
  Expenses:Health:Life:GroupTermLife                24.32 USD   
  Expenses:Health:Dental:Insurance                   2.90 USD   
  Expenses:Health:Medical:Insurance                 27.38 USD   
  Expenses:Health:Vision:Insurance                  42.30 USD   
  Expenses:Taxes:Y2020:US:Medicare                 106.62 USD   
  Expenses:Taxes:Y2020:US:Federal                 1062.92 USD   
  Expenses:Taxes:Y2020:US:State                    365.08 USD   
  Expenses:Taxes:Y2020:US:CityNYC                  174.92 USD   
  Expenses:Taxes:Y2020:US:SDI                        1.12 USD   
  Expenses:Taxes:Y2020:US:SocSec                     0.00 USD   
  Assets:US:Federal:PreTax401k                       0.00 IRAUSD
  Assets:US:Hooli:Vacation                              5 VACHR 
  Income:US:Hooli:Vacation                             -5 VACHR 



* Taxes

1980-05-12 open Income:US:Federal:PreTax401k                    IRAUSD
1980-05-12 open Assets:US:Federal:PreTax401k                    IRAUSD



** Tax Year 2019

2019-01-01 open Expenses:Taxes:Y2019:US:Federal:PreTax401k      IRAUSD
2019-01-01 open Expenses:Taxes:Y2019:US:Medicare                USD
2019-01-01 open Expenses:Taxes:Y2019:US:Federal                 USD
2019-01-01 open Expenses:Taxes:Y2019:US:CityNYC                 USD
2019-01-01 open Expenses:Taxes:Y2019:US:SDI                     USD
2019-01-01 open Expenses:Taxes:Y2019:US:State                   USD
2019-01-01 open Expenses:Taxes:Y2019:US:SocSec                  USD

2019-01-01 balance Assets:US:Federal:PreTax401k         0 IRAUSD

2019-01-01 * "Allowed contributions for one year"
  Income:US:Federal:PreTax401k                     -18500 IRAUSD
  Assets:US:Federal:PreTax401k                      18500 IRAUSD

2020-03-20 * "Filing taxes for 2019"
  Expenses:Taxes:Y2019:US:Federal                  451.68 USD
  Expenses:Taxes:Y2019:US:State                    284.64 USD
  Liabilities:AccountsPayable                     -736.32 USD

2020-03-20 * "FEDERAL TAXPYMT"
  Assets:US:BofA:Checking                         -451.68 USD
  Liabilities:AccountsPayable                      451.68 USD

2020-03-21 * "STATE TAX & FINANC PYMT"
  Assets:US:BofA:Checking                         -284.64 USD
  Liabilities:AccountsPayable                      284.64 USD



** Tax Year 2020

2020-01-01 open Expenses:Taxes:Y2020:US:Federal:PreTax401k      IRAUSD
2020-01-01 open Expenses:Taxes:Y2020:US:Medicare                USD
2020-01-01 open Expenses:Taxes:Y2020:US:Federal                 USD
2020-01-01 open Expenses:Taxes:Y2020:US:CityNYC                 USD
2020-01-01 open Expenses:Taxes:Y2020:US:SDI                     USD
2020-01-01 open Expenses:Taxes:Y2020:US:State                   USD
2020-01-01 open Expenses:Taxes:Y2020:US:SocSec                  USD

2020-01-01 balance Assets:US:Federal:PreTax401k         0 IRAUSD

2020-01-01 * "Allowed contributions for one year"
  Income:US:Federal:PreTax401k                     -18500 IRAUSD
  Assets:US:Federal:PreTax401k                      18500 IRAUSD



* Expenses

1980-05-12 open Expenses:Food:Groceries
1980-05-12 open Expenses:Food:Restaurant
1980-05-12 open Expenses:Food:Coffee
1980-05-12 open Expenses:Food:Alcohol
1980-05-12 open Expenses:Transport:Tram
1980-05-12 open Expenses:Home:Rent
1980-05-12 open Expenses:Home:Electricity
1980-05-12 open Expenses:Home:Internet
1980-05-12 open Expenses:Home:Phone
1980-05-12 open Expenses:Financial:Fees
1980-05-12 open Expenses:Financial:Commissions



* Prices

2019-01-04 price VBMPX                             132.48 USD
2019-01-04 price RGAGX                              73.09 USD
2019-01-04 price ITOT                               53.52 USD
2019-01-04 price VEA                               197.87 USD
2019-01-04 price VHT                                63.82 USD
2019-01-04 price GLD                                73.09 USD
2019-01-11 price VBMPX                             132.51 USD
2019-01-11 price RGAGX                              72.86 USD
2019-01-11 price ITOT                               51.92 USD
2019-01-11 price VEA                               191.96 USD
2019-01-11 price VHT                                64.46 USD
2019-01-11 price GLD                                73.25 USD
2019-01-18 price VBMPX                             132.76 USD
2019-01-18 price RGAGX                              73.70 USD
2019-01-18 price ITOT                               52.01 USD
2019-01-18 price VEA                               189.88 USD
2019-01-18 price VHT                                64.40 USD
2019-01-18 price GLD                                71.32 USD
2019-01-25 price VBMPX                             133.49 USD
2019-01-25 price RGAGX                              73.49 USD
2019-01-25 price ITOT                               53.08 USD
2019-01-25 price VEA                               192.10 USD
2019-01-25 price VHT                                62.98 USD
2019-01-25 price GLD                                72.60 USD
2019-02-01 price VBMPX                             133.86 USD
2019-02-01 price RGAGX                              73.18 USD
2019-02-01 price ITOT                               55.27 USD
2019-02-01 price VEA                               193.14 USD
2019-02-01 price VHT                                62.76 USD
2019-02-01 price GLD                                73.15 USD
2019-02-08 price VBMPX                             134.40 USD
2019-02-08 price RGAGX                              72.78 USD
2019-02-08 price ITOT                               54.81 USD
2019-02-08 price VEA                               199.67 USD
2019-02-08 price VHT                                62.61 USD
2019-02-08 price GLD                                74.31 USD
2019-02-15 price VBMPX                             135.36 USD
2019-02-15 price RGAGX                              73.78 USD
2019-02-15 price ITOT                               55.58 USD
2019-02-15 price VEA                               204.80 USD
2019-02-15 price VHT                                64.91 USD
2019-02-15 price GLD                                74.06 USD
2019-02-22 price VBMPX                             135.31 USD
2019-02-22 price RGAGX                              74.52 USD
2019-02-22 price ITOT                               55.94 USD
2019-02-22 price VEA                               210.43 USD
2019-02-22 price VHT                                65.21 USD
2019-02-22 price GLD                                75.33 USD
2019-03-01 price VBMPX                             135.50 USD
2019-03-01 price RGAGX                              74.87 USD
2019-03-01 price ITOT                               57.99 USD
2019-03-01 price VEA                               208.62 USD
2019-03-01 price VHT                                65.51 USD
2019-03-01 price GLD                                73.85 USD
2019-03-08 price VBMPX                             134.92 USD
2019-03-08 price RGAGX                              75.24 USD
2019-03-08 price ITOT                               58.12 USD
2019-03-08 price VEA                               207.18 USD
2019-03-08 price VHT                                64.30 USD
2019-03-08 price GLD                                75.27 USD
2019-03-15 price VBMPX                             135.87 USD
2019-03-15 price RGAGX                              74.94 USD
2019-03-15 price ITOT                               59.25 USD
2019-03-15 price VEA                               209.68 USD
2019-03-15 price VHT                                65.31 USD
2019-03-15 price GLD                                76.19 USD
2019-03-22 price VBMPX                             136.62 USD
2019-03-22 price RGAGX                              74.73 USD
2019-03-22 price ITOT                               59.75 USD
2019-03-22 price VEA                               216.35 USD
2019-03-22 price VHT                                64.48 USD
2019-03-22 price GLD                                75.24 USD
2019-03-29 price VBMPX                             137.67 USD
2019-03-29 price RGAGX                              75.37 USD
2019-03-29 price ITOT                               60.45 USD
2019-03-29 price VEA                               221.55 USD
2019-03-29 price VHT                                65.01 USD
2019-03-29 price GLD                                75.57 USD
2019-04-05 price VBMPX                             138.60 USD
2019-04-05 price RGAGX                              74.22 USD
2019-04-05 price ITOT                               61.29 USD
2019-04-05 price VEA                               219.39 USD
2019-04-05 price VHT                                63.73 USD
2019-04-05 price GLD                                76.23 USD
2019-04-12 price VBMPX                             138.28 USD
2019-04-12 price RGAGX                              74.51 USD
2019-04-12 price ITOT                               59.33 USD
2019-04-12 price VEA                               224.26 USD
2019-04-12 price VHT                                63.16 USD
2019-04-12 price GLD                                77.82 USD
2019-04-19 price VBMPX                             137.72 USD
2019-04-19 price RGAGX                              74.33 USD
2019-04-19 price ITOT                               60.55 USD
2019-04-19 price VEA                               230.41 USD
2019-04-19 price VHT                                62.30 USD
2019-04-19 price GLD                                77.41 USD
2019-04-26 price VBMPX                             138.02 USD
2019-04-26 price RGAGX                              74.19 USD
2019-04-26 price ITOT                               61.35 USD
2019-04-26 price VEA                               227.22 USD
2019-04-26 price VHT                                63.89 USD
2019-04-26 price GLD                                77.15 USD
2019-05-03 price VBMPX                             139.26 USD
2019-05-03 price RGAGX                              73.47 USD
2019-05-03 price ITOT                               61.36 USD
2019-05-03 price VEA                               221.85 USD
2019-05-03 price VHT                                63.45 USD
2019-05-03 price GLD                                76.14 USD
2019-05-10 price VBMPX                             140.52 USD
2019-05-10 price RGAGX                              73.44 USD
2019-05-10 price ITOT                               60.87 USD
2019-05-10 price VEA                               224.25 USD
2019-05-10 price VHT                                63.28 USD
2019-05-10 price GLD                                74.68 USD
2019-05-17 price VBMPX                             140.83 USD
2019-05-17 price RGAGX                              73.20 USD
2019-05-17 price ITOT                               62.22 USD
2019-05-17 price VEA                               227.53 USD
2019-05-17 price VHT                                63.25 USD
2019-05-17 price GLD                                75.70 USD
2019-05-24 price VBMPX                             140.11 USD
2019-05-24 price RGAGX                              73.38 USD
2019-05-24 price ITOT                               61.82 USD
2019-05-24 price VEA                               227.85 USD
2019-05-24 price VHT                                63.05 USD
2019-05-24 price GLD                                78.37 USD
2019-05-31 price VBMPX                             139.32 USD
2019-05-31 price RGAGX                              72.96 USD
2019-05-31 price ITOT                               61.12 USD
2019-05-31 price VEA                               227.22 USD
2019-05-31 price VHT                                64.02 USD
2019-05-31 price GLD                                79.47 USD
2019-06-07 price VBMPX                             140.55 USD
2019-06-07 price RGAGX                              72.67 USD
2019-06-07 price ITOT                               62.81 USD
2019-06-07 price VEA                               226.37 USD
2019-06-07 price VHT                                62.27 USD
2019-06-07 price GLD                                79.57 USD
2019-06-14 price VBMPX                             141.61 USD
2019-06-14 price RGAGX                              74.23 USD
2019-06-14 price ITOT                               62.21 USD
2019-06-14 price VEA                               232.89 USD
2019-06-14 price VHT                                62.40 USD
2019-06-14 price GLD                                78.09 USD
2019-06-21 price VBMPX                             142.65 USD
2019-06-21 price RGAGX                              75.74 USD
2019-06-21 price ITOT                               60.77 USD
2019-06-21 price VEA                               238.26 USD
2019-06-21 price VHT                                61.04 USD
2019-06-21 price GLD                                78.64 USD
2019-06-28 price VBMPX                             142.53 USD
2019-06-28 price RGAGX                              76.39 USD
2019-06-28 price ITOT                               60.78 USD
2019-06-28 price VEA                               238.71 USD
2019-06-28 price VHT                                59.81 USD
2019-06-28 price GLD                                81.36 USD
2019-07-05 price VBMPX                             143.48 USD
2019-07-05 price RGAGX                              75.95 USD
2019-07-05 price ITOT                               60.55 USD
2019-07-05 price VEA                               237.52 USD
2019-07-05 price VHT                                60.68 USD
2019-07-05 price GLD                                81.79 USD
2019-07-12 price VBMPX                             144.74 USD
2019-07-12 price RGAGX                              75.86 USD
2019-07-12 price ITOT                               60.93 USD
2019-07-12 price VEA                               240.30 USD
2019-07-12 price VHT                                61.52 USD
2019-07-12 price GLD                                82.85 USD
2019-07-19 price VBMPX                             145.01 USD
2019-07-19 price RGAGX                              76.42 USD
2019-07-19 price ITOT                               61.75 USD
2019-07-19 price VEA                               243.92 USD
2019-07-19 price VHT                                61.91 USD
2019-07-19 price GLD                                83.48 USD
2019-07-26 price VBMPX                             144.71 USD
2019-07-26 price RGAGX                              76.84 USD
2019-07-26 price ITOT                               62.19 USD
2019-07-26 price VEA                               243.38 USD
2019-07-26 price VHT                                60.65 USD
2019-07-26 price GLD                                84.39 USD
2019-08-02 price VBMPX                             143.27 USD
2019-08-02 price RGAGX                              76.56 USD
2019-08-02 price ITOT                               63.62 USD
2019-08-02 price VEA                               243.00 USD
2019-08-02 price VHT                                60.45 USD
2019-08-02 price GLD                                84.63 USD
2019-08-09 price VBMPX                             143.67 USD
2019-08-09 price RGAGX                              77.48 USD
2019-08-09 price ITOT                               62.19 USD
2019-08-09 price VEA                               244.24 USD
2019-08-09 price VHT                                61.65 USD
2019-08-09 price GLD                                84.32 USD
2019-08-16 price VBMPX                             144.73 USD
2019-08-16 price RGAGX                              78.35 USD
2019-08-16 price ITOT                               61.42 USD
2019-08-16 price VEA                               241.98 USD
2019-08-16 price VHT                                62.20 USD
2019-08-16 price GLD                                83.71 USD
2019-08-23 price VBMPX                             144.16 USD
2019-08-23 price RGAGX                              77.56 USD
2019-08-23 price ITOT                               61.55 USD
2019-08-23 price VEA                               242.30 USD
2019-08-23 price VHT                                64.18 USD
2019-08-23 price GLD                                83.57 USD
2019-08-30 price VBMPX                             144.15 USD
2019-08-30 price RGAGX                              77.11 USD
2019-08-30 price ITOT                               60.65 USD
2019-08-30 price VEA                               242.76 USD
2019-08-30 price VHT                                66.21 USD
2019-08-30 price GLD                                85.58 USD
2019-09-06 price VBMPX                             144.42 USD
2019-09-06 price RGAGX                              76.76 USD
2019-09-06 price ITOT                               60.58 USD
2019-09-06 price VEA                               244.27 USD
2019-09-06 price VHT                                65.99 USD
2019-09-06 price GLD                                85.01 USD
2019-09-13 price VBMPX                             143.57 USD
2019-09-13 price RGAGX                              77.10 USD
2019-09-13 price ITOT                               59.06 USD
2019-09-13 price VEA                               244.83 USD
2019-09-13 price VHT                                66.49 USD
2019-09-13 price GLD                                85.23 USD
2019-09-20 price VBMPX                             143.94 USD
2019-09-20 price RGAGX                              77.63 USD
2019-09-20 price ITOT                               58.93 USD
2019-09-20 price VEA                               246.81 USD
2019-09-20 price VHT                                65.99 USD
2019-09-20 price GLD                                85.62 USD
2019-09-27 price VBMPX                             144.20 USD
2019-09-27 price RGAGX                              78.94 USD
2019-09-27 price ITOT                               59.40 USD
2019-09-27 price VEA                               247.94 USD
2019-09-27 price VHT                                65.56 USD
2019-09-27 price GLD                                83.23 USD
2019-10-04 price VBMPX                             144.69 USD
2019-10-04 price RGAGX                              80.17 USD
2019-10-04 price ITOT                               59.89 USD
2019-10-04 price VEA                               244.97 USD
2019-10-04 price VHT                                66.14 USD
2019-10-04 price GLD                                82.31 USD
2019-10-11 price VBMPX                             144.50 USD
2019-10-11 price RGAGX                              79.66 USD
2019-10-11 price ITOT                               62.68 USD
2019-10-11 price VEA                               243.94 USD
2019-10-11 price VHT                                65.12 USD
2019-10-11 price GLD                                82.09 USD
2019-10-18 price VBMPX                             143.30 USD
2019-10-18 price RGAGX                              79.15 USD
2019-10-18 price ITOT                               62.87 USD
2019-10-18 price VEA                               246.91 USD
2019-10-18 price VHT                                65.03 USD
2019-10-18 price GLD                                80.57 USD
2019-10-25 price VBMPX                             143.48 USD
2019-10-25 price RGAGX                              79.34 USD
2019-10-25 price ITOT                               62.68 USD
2019-10-25 price VEA                               249.85 USD
2019-10-25 price VHT                                63.74 USD
2019-10-25 price GLD                                80.25 USD
2019-11-01 price VBMPX                             142.82 USD
2019-11-01 price RGAGX                              79.51 USD
2019-11-01 price ITOT                               66.17 USD
2019-11-01 price VEA                               243.47 USD
2019-11-01 price VHT                                65.47 USD
2019-11-01 price GLD                                78.38 USD
2019-11-08 price VBMPX                             142.40 USD
2019-11-08 price RGAGX                              80.01 USD
2019-11-08 price ITOT                               65.82 USD
2019-11-08 price VEA                               247.66 USD
2019-11-08 price VHT                                66.42 USD
2019-11-08 price GLD                                78.41 USD
2019-11-15 price VBMPX                             143.47 USD
2019-11-15 price RGAGX                              79.94 USD
2019-11-15 price ITOT                               66.20 USD
2019-11-15 price VEA                               250.65 USD
2019-11-15 price VHT                                66.96 USD
2019-11-15 price GLD                                77.79 USD
2019-11-22 price VBMPX                             143.69 USD
2019-11-22 price RGAGX                              80.29 USD
2019-11-22 price ITOT                               65.20 USD
2019-11-22 price VEA                               250.60 USD
2019-11-22 price VHT                                66.74 USD
2019-11-22 price GLD                                77.37 USD
2019-11-29 price VBMPX                             143.20 USD
2019-11-29 price RGAGX                              80.53 USD
2019-11-29 price ITOT                               65.12 USD
2019-11-29 price VEA                               249.24 USD
2019-11-29 price VHT                                66.50 USD
2019-11-29 price GLD                                77.61 USD
2019-12-06 price VBMPX                             142.87 USD
2019-12-06 price RGAGX                              79.97 USD
2019-12-06 price ITOT                               63.77 USD
2019-12-06 price VEA                               249.31 USD
2019-12-06 price VHT                                66.96 USD
2019-12-06 price GLD                                79.32 USD
2019-12-13 price VBMPX                             142.31 USD
2019-12-13 price RGAGX                              79.81 USD
2019-12-13 price ITOT                               63.10 USD
2019-12-13 price VEA                               252.62 USD
2019-12-13 price VHT                                67.42 USD
2019-12-13 price GLD                                77.38 USD
2019-12-20 price VBMPX                             142.34 USD
2019-12-20 price RGAGX                              81.23 USD
2019-12-20 price ITOT                               62.66 USD
2019-12-20 price VEA                               253.22 USD
2019-12-20 price VHT                                68.71 USD
2019-12-20 price GLD                                77.17 USD
2019-12-27 price VBMPX                             140.63 USD
2019-12-27 price RGAGX                              82.05 USD
2019-12-27 price ITOT                               61.96 USD
2019-12-27 price VEA                               252.87 USD
2019-12-27 price VHT                                69.10 USD
2019-12-27 price GLD                                78.78 USD
2020-01-03 price VBMPX                             142.06 USD
2020-01-03 price RGAGX                              82.19 USD
2020-01-03 price ITOT                               61.39 USD
2020-01-03 price VEA                               249.79 USD
2020-01-03 price VHT                                70.36 USD
2020-01-03 price GLD                                79.09 USD
2020-01-10 price VBMPX                             143.26 USD
2020-01-10 price RGAGX                              82.63 USD
2020-01-10 price ITOT                               62.81 USD
2020-01-10 price VEA                               248.77 USD
2020-01-10 price VHT                                69.36 USD
2020-01-10 price GLD                                80.97 USD
2020-01-17 price VBMPX                             144.13 USD
2020-01-17 price RGAGX                              82.83 USD
2020-01-17 price ITOT                               62.13 USD
2020-01-17 price VEA                               250.43 USD
2020-01-17 price VHT                                71.28 USD
2020-01-17 price GLD                                80.80 USD
2020-01-24 price VBMPX                             143.77 USD
2020-01-24 price RGAGX                              82.29 USD
2020-01-24 price ITOT                               63.73 USD
2020-01-24 price VEA                               249.59 USD
2020-01-24 price VHT                                71.18 USD
2020-01-24 price GLD                                79.48 USD
2020-01-31 price VBMPX                             143.37 USD
2020-01-31 price RGAGX                              81.91 USD
2020-01-31 price ITOT                               62.05 USD
2020-01-31 price VEA                               246.33 USD
2020-01-31 price VHT                                72.50 USD
2020-01-31 price GLD                                78.70 USD
2020-02-07 price VBMPX                             144.74 USD
2020-02-07 price RGAGX                              81.70 USD
2020-02-07 price ITOT                               62.53 USD
2020-02-07 price VEA                               245.96 USD
2020-02-07 price VHT                                71.74 USD
2020-02-07 price GLD                                77.26 USD
2020-02-14 price VBMPX                             145.30 USD
2020-02-14 price RGAGX                              82.13 USD
2020-02-14 price ITOT                               62.60 USD
2020-02-14 price VEA                               246.31 USD
2020-02-14 price VHT                                72.22 USD
2020-02-14 price GLD                                77.29 USD
2020-02-21 price VBMPX                             145.78 USD
2020-02-21 price RGAGX                              82.66 USD
2020-02-21 price ITOT                               63.21 USD
2020-02-21 price VEA                               246.25 USD
2020-02-21 price VHT                                70.86 USD
2020-02-21 price GLD                                78.74 USD
2020-02-28 price VBMPX                             145.27 USD
2020-02-28 price RGAGX                              83.23 USD
2020-02-28 price ITOT                               63.34 USD
2020-02-28 price VEA                               244.03 USD
2020-02-28 price VHT                                69.74 USD
2020-02-28 price GLD                                79.32 USD
2020-03-06 price VBMPX                             145.47 USD
2020-03-06 price RGAGX                              82.50 USD
2020-03-06 price ITOT                               64.51 USD
2020-03-06 price VEA                               243.27 USD
2020-03-06 price VHT                                69.15 USD
2020-03-06 price GLD                                78.43 USD
2020-03-13 price VBMPX                             146.63 USD
2020-03-13 price RGAGX                              82.85 USD
2020-03-13 price ITOT                               63.20 USD
2020-03-13 price VEA                               245.19 USD
2020-03-13 price VHT                                69.20 USD
2020-03-13 price GLD                                79.23 USD
2020-03-20 price VBMPX                             148.06 USD
2020-03-20 price RGAGX                              82.98 USD
2020-03-20 price ITOT                               64.96 USD
2020-03-20 price VEA                               249.62 USD
2020-03-20 price VHT                                70.97 USD
2020-03-20 price GLD                                79.60 USD
2020-03-27 price VBMPX                             148.45 USD
2020-03-27 price RGAGX                              82.17 USD
2020-03-27 price ITOT                               66.53 USD
2020-03-27 price VEA                               245.25 USD
2020-03-27 price VHT                                72.70 USD
2020-03-27 price GLD                                77.64 USD
2020-04-03 price VBMPX                             149.84 USD
2020-04-03 price RGAGX                              83.32 USD
2020-04-03 price ITOT                               67.61 USD
2020-04-03 price VEA                               240.38 USD
2020-04-03 price VHT                                72.54 USD
2020-04-03 price GLD                                77.84 USD
2020-04-10 price VBMPX                             148.74 USD
2020-04-10 price RGAGX                              83.50 USD
2020-04-10 price ITOT                               68.01 USD
2020-04-10 price VEA                               235.21 USD
2020-04-10 price VHT                                74.20 USD
2020-04-10 price GLD                                78.58 USD
2020-04-17 price VBMPX                             148.43 USD
2020-04-17 price RGAGX                              83.71 USD
2020-04-17 price ITOT                               66.45 USD
2020-04-17 price VEA                               234.29 USD
2020-04-17 price VHT                                74.97 USD
2020-04-17 price GLD                                77.15 USD
2020-04-24 price VBMPX                             149.73 USD
2020-04-24 price RGAGX                              83.94 USD
2020-04-24 price ITOT                               67.63 USD
2020-04-24 price VEA                               234.72 USD
2020-04-24 price VHT                                74.50 USD
2020-04-24 price GLD                                77.99 USD
2020-05-01 price VBMPX                             150.21 USD
2020-05-01 price RGAGX                              83.22 USD
2020-05-01 price ITOT                               68.08 USD
2020-05-01 price VEA                               237.03 USD
2020-05-01 price VHT                                74.19 USD
2020-05-01 price GLD                                77.79 USD
2020-05-08 price VBMPX                             151.03 USD
2020-05-08 price RGAGX                              83.24 USD
2020-05-08 price ITOT                               67.63 USD
2020-05-08 price VEA                               239.14 USD
2020-05-08 price VHT                                75.56 USD
2020-05-08 price GLD                                77.95 USD
2020-05-15 price VBMPX                             151.68 USD
2020-05-15 price RGAGX                              82.96 USD
2020-05-15 price ITOT                               68.75 USD
2020-05-15 price VEA                               238.65 USD
2020-05-15 price VHT                                75.50 USD
2020-05-15 price GLD                                79.96 USD
2020-05-22 price VBMPX                             150.43 USD
2020-05-22 price RGAGX                              84.16 USD
2020-05-22 price ITOT                               70.37 USD
2020-05-22 price VEA                               239.56 USD
2020-05-22 price VHT                                76.70 USD
2020-05-22 price GLD                                79.36 USD
2020-05-29 price VBMPX                             151.12 USD
2020-05-29 price RGAGX                              84.37 USD
2020-05-29 price ITOT                               72.57 USD
2020-05-29 price VEA                               238.60 USD
2020-05-29 price VHT                                77.12 USD
2020-05-29 price GLD                                83.74 USD
2020-06-05 price VBMPX                             151.32 USD
2020-06-05 price RGAGX                              85.57 USD
2020-06-05 price ITOT                               73.57 USD
2020-06-05 price VEA                               242.62 USD
2020-06-05 price VHT                                77.40 USD
2020-06-05 price GLD                                81.10 USD
2020-06-12 price VBMPX                             151.24 USD
2020-06-12 price RGAGX                              86.47 USD
2020-06-12 price ITOT                               74.73 USD
2020-06-12 price VEA                               245.12 USD
2020-06-12 price VHT                                78.35 USD
2020-06-12 price GLD                                84.12 USD
2020-06-19 price VBMPX                             153.21 USD
2020-06-19 price RGAGX                              87.03 USD
2020-06-19 price ITOT                               73.71 USD
2020-06-19 price VEA                               242.90 USD
2020-06-19 price VHT                                77.69 USD
2020-06-19 price GLD                                81.92 USD
2020-06-26 price VBMPX                             152.35 USD
2020-06-26 price RGAGX                              87.77 USD
2020-06-26 price ITOT                               74.86 USD
2020-06-26 price VEA                               242.51 USD
2020-06-26 price VHT                                79.08 USD
2020-06-26 price GLD                                80.41 USD
2020-07-03 price VBMPX                             152.26 USD
2020-07-03 price RGAGX                              88.80 USD
2020-07-03 price ITOT                               77.61 USD
2020-07-03 price VEA                               241.21 USD
2020-07-03 price VHT                                77.91 USD
2020-07-03 price GLD                                80.10 USD
2020-07-10 price VBMPX                             153.13 USD
2020-07-10 price RGAGX                              89.19 USD
2020-07-10 price ITOT                               77.20 USD
2020-07-10 price VEA                               242.69 USD
2020-07-10 price VHT                                80.48 USD
2020-07-10 price GLD                                80.79 USD
2020-07-17 price VBMPX                             154.39 USD
2020-07-17 price RGAGX                              89.74 USD
2020-07-17 price ITOT                               75.12 USD
2020-07-17 price VEA                               244.71 USD
2020-07-17 price VHT                                82.40 USD
2020-07-17 price GLD                                82.00 USD
2020-07-24 price VBMPX                             155.39 USD
2020-07-24 price RGAGX                              88.48 USD
2020-07-24 price ITOT                               78.71 USD
2020-07-24 price VEA                               238.01 USD
2020-07-24 price VHT                                83.18 USD
2020-07-24 price GLD                                82.38 USD
2020-07-31 price VBMPX                             155.82 USD
2020-07-31 price RGAGX                              88.97 USD
2020-07-31 price ITOT                               79.27 USD
2020-07-31 price VEA                               241.10 USD
2020-07-31 price VHT                                82.64 USD
2020-07-31 price GLD                                82.31 USD
2020-08-07 price VBMPX                             157.37 USD
2020-08-07 price RGAGX                              88.74 USD
2020-08-07 price ITOT                               76.90 USD
2020-08-07 price VEA                               239.18 USD
2020-08-07 price VHT                                80.96 USD
2020-08-07 price GLD                                82.23 USD
2020-08-14 price VBMPX                             158.04 USD
2020-08-14 price RGAGX                              88.16 USD
2020-08-14 price ITOT                               77.57 USD
2020-08-14 price VEA                               235.55 USD
2020-08-14 price VHT                                83.15 USD
2020-08-14 price GLD                                83.06 USD
2020-08-21 price VBMPX                             157.34 USD
2020-08-21 price RGAGX                              88.22 USD
2020-08-21 price ITOT                               78.47 USD
2020-08-21 price VEA                               235.85 USD
2020-08-21 price VHT                                84.69 USD
2020-08-21 price GLD                                80.04 USD
2020-08-28 price VBMPX                             159.32 USD
2020-08-28 price RGAGX                              89.27 USD
2020-08-28 price ITOT                               79.54 USD
2020-08-28 price VEA                               238.29 USD
2020-08-28 price VHT                                85.97 USD
2020-08-28 price GLD                                78.20 USD
2020-09-04 price VBMPX                             160.65 USD
2020-09-04 price RGAGX                              89.29 USD
2020-09-04 price ITOT                               82.54 USD
2020-09-04 price VEA                               231.54 USD
2020-09-04 price VHT                                87.21 USD
2020-09-04 price GLD                                77.36 USD
2020-09-11 price VBMPX                             161.28 USD
2020-09-11 price RGAGX                              88.10 USD
2020-09-11 price ITOT                               77.96 USD
2020-09-11 price VEA                               231.79 USD
2020-09-11 price VHT                                87.37 USD
2020-09-11 price GLD                                77.24 USD
2020-09-18 price VBMPX                             161.93 USD
2020-09-18 price RGAGX                              89.62 USD
2020-09-18 price ITOT                               77.66 USD
2020-09-18 price VEA                               230.12 USD
2020-09-18 price VHT                                86.72 USD
2020-09-18 price GLD                                77.27 USD
2020-09-25 price VBMPX                             162.11 USD
2020-09-25 price RGAGX                              89.87 USD
2020-09-25 price ITOT                               76.23 USD
2020-09-25 price VEA                               228.17 USD
2020-09-25 price VHT                                84.53 USD
2020-09-25 price GLD                                77.38 USD
2020-10-02 price VBMPX                             162.11 USD
2020-10-02 price RGAGX                              90.05 USD
2020-10-02 price ITOT                               76.45 USD
2020-10-02 price VEA                               226.51 USD
2020-10-02 price VHT                                86.00 USD
2020-10-02 price GLD                                78.19 USD
2020-10-09 price VBMPX                             161.87 USD
2020-10-09 price RGAGX                              90.13 USD
2020-10-09 price ITOT                               75.33 USD
2020-10-09 price VEA                               225.65 USD
2020-10-09 price VHT                                85.80 USD
2020-10-09 price GLD                                76.34 USD
2020-10-16 price VBMPX                             163.47 USD
2020-10-16 price RGAGX                              90.32 USD
2020-10-16 price ITOT                               75.38 USD
2020-10-16 price VEA                               229.36 USD
2020-10-16 price VHT                                86.04 USD
2020-10-16 price GLD                                78.45 USD
2020-10-23 price VBMPX                             164.37 USD
2020-10-23 price RGAGX                              90.48 USD
2020-10-23 price ITOT                               76.82 USD
2020-10-23 price VEA                               232.95 USD
2020-10-23 price VHT                                84.78 USD
2020-10-23 price GLD                                82.19 USD
2020-10-30 price VBMPX                             164.15 USD
2020-10-30 price RGAGX                              90.77 USD
2020-10-30 price ITOT                               78.59 USD
2020-10-30 price VEA                               236.85 USD
2020-10-30 price VHT                                86.40 USD
2020-10-30 price GLD                                83.23 USD
2020-11-06 price VBMPX                             164.68 USD
2020-11-06 price RGAGX                              89.85 USD
2020-11-06 price ITOT                               81.33 USD
2020-11-06 price VEA                               231.01 USD
2020-11-06 price VHT                                86.35 USD
2020-11-06 price GLD                                82.87 USD
2020-11-13 price VBMPX                             164.54 USD
2020-11-13 price RGAGX                              89.86 USD
2020-11-13 price ITOT                               80.02 USD
2020-11-13 price VEA                               227.71 USD
2020-11-13 price VHT                                84.23 USD
2020-11-13 price GLD                                85.69 USD
2020-11-20 price VBMPX                             164.20 USD
2020-11-20 price RGAGX                              90.45 USD
2020-11-20 price ITOT                               78.36 USD
2020-11-20 price VEA                               224.19 USD
2020-11-20 price VHT                                83.81 USD
2020-11-20 price GLD                                88.52 USD
2020-11-27 price VBMPX                             165.77 USD
2020-11-27 price RGAGX                              90.48 USD
2020-11-27 price ITOT                               76.51 USD
2020-11-27 price VEA                               227.37 USD
2020-11-27 price VHT                                82.56 USD
2020-11-27 price GLD                                88.52 USD
2020-12-04 price VBMPX                             164.87 USD
2020-12-04 price RGAGX                              91.05 USD
2020-12-04 price ITOT                               78.49 USD
2020-12-04 price VEA                               232.64 USD
2020-12-04 price VHT                                83.28 USD
2020-12-04 price GLD                                87.95 USD
2020-12-11 price VBMPX                             165.36 USD
2020-12-11 price RGAGX                              91.00 USD
2020-12-11 price ITOT                               79.13 USD
2020-12-11 price VEA                               229.79 USD
2020-12-11 price VHT                                81.20 USD
2020-12-11 price GLD                                89.32 USD
2020-12-18 price VBMPX                             166.69 USD
2020-12-18 price RGAGX                              90.25 USD
2020-12-18 price ITOT                               77.96 USD
2020-12-18 price VEA                               229.21 USD
2020-12-18 price VHT                                81.87 USD
2020-12-18 price GLD                                87.80 USD
2020-12-25 price VBMPX                             167.06 USD
2020-12-25 price RGAGX                              90.92 USD
2020-12-25 price ITOT                               78.82 USD
2020-12-25 price VEA                               231.75 USD
2020-12-25 price VHT                                80.90 USD
2020-12-25 price GLD                                88.46 USD



* Cash

